{"tid": 11095379, "date": 1626401345, "type": "buy", "price": 164549.61954, "amount": 0.00024308}
{"tid": 11095380, "date": 1626401394, "type": "buy", "price": 164533, "amount": 0.00014197}
{"tid": 11095381, "date": 1626401399, "type": "buy", "price": 164532.99999, "amount": 0.04507761}
{"tid": 11095382, "date": 1626401399, "type": "buy", "price": 164533, "amount": 0.00992239}
{"tid": 11095383, "date": 1626401414, "type": "buy", "price": 164533, "amount": 0.00993564}
{"tid": 11095384, "date": 1626401414, "type": "buy", "price": 164549.62, "amount": 4.694e-05}
{"tid": 11095385, "date": 1626401414, "type": "buy", "price": 164573.62, "amount": 0.00021742}
{"tid": 11095386, "date": 1626401424, "type": "sell", "price": 164534.7981, "amount": 0.00010574}
{"tid": 11095387, "date": 1626401434, "type": "buy", "price": 164573.62, "amount": 8.571e-05}
{"tid": 11095388, "date": 1626401434, "type": "buy", "price": 164598.64, "amount": 0.00063512}
{"tid": 11095389, "date": 1626401434, "type": "buy", "price": 164672.69, "amount": 0.0072}
{"tid": 11095390, "date": 1626401434, "type": "buy", "price": 164690.7, "amount": 0.00021695}
{"tid": 11095391, "date": 1626401434, "type": "buy", "price": 164721.01, "amount": 0.00339623}
{"tid": 11095392, "date": 1626401462, "type": "sell", "price": 164552.79811, "amount": 0.00892974}
{"tid": 11095393, "date": 1626401482, "type": "buy", "price": 164721.01, "amount": 0.0363}
{"tid": 11095394, "date": 1626401485, "type": "sell", "price": 164562.7981, "amount": 0.00276887}
{"tid": 11095395, "date": 1626401495, "type": "buy", "price": 164721.01, "amount": 1.366e-05}
{"tid": 11095396, "date": 1626401495, "type": "buy", "price": 164999.98986, "amount": 0.00119848}
{"tid": 11095397, "date": 1626401501, "type": "sell", "price": 164568.80392, "amount": 3.524e-05}
{"tid": 11095398, "date": 1626401504, "type": "buy", "price": 164999.98985, "amount": 0.00864539}
{"tid": 11095399, "date": 1626401514, "type": "buy", "price": 164999.98977, "amount": 0.00027989}
{"tid": 11095400, "date": 1626401514, "type": "buy", "price": 164999.98978, "amount": 5.95e-05}
{"tid": 11095401, "date": 1626401531, "type": "buy", "price": 164721.01, "amount": 0.00013987}
{"tid": 11095402, "date": 1626401547, "type": "buy", "price": 164721.01, "amount": 0.00086013}
{"tid": 11095403, "date": 1626401547, "type": "buy", "price": 164999.97997, "amount": 0.00334593}
{"tid": 11095404, "date": 1626401549, "type": "buy", "price": 164999.97997, "amount": 0.00506709}
{"tid": 11095405, "date": 1626401549, "type": "buy", "price": 164999.98, "amount": 0.00038745}
{"tid": 11095406, "date": 1626401550, "type": "sell", "price": 164589.81974, "amount": 0.02174382}
{"tid": 11095407, "date": 1626401552, "type": "buy", "price": 164999.97997, "amount": 0.00124197}
{"tid": 11095408, "date": 1626401576, "type": "buy", "price": 164999.98, "amount": 0.00151515}
{"tid": 11095409, "date": 1626401589, "type": "buy", "price": 164999.98, "amount": 0.0013306}
{"tid": 11095410, "date": 1626401596, "type": "sell", "price": 164621.00925, "amount": 6.945e-05}
{"tid": 11095411, "date": 1626401608, "type": "sell", "price": 164627.01161, "amount": 7.824e-05}
{"tid": 11095412, "date": 1626401612, "type": "buy", "price": 164999.98, "amount": 0.00036533}
{"tid": 11095413, "date": 1626401631, "type": "sell", "price": 164637.01811, "amount": 6.945e-05}
{"tid": 11095414, "date": 1626401654, "type": "sell", "price": 164649.02516, "amount": 0.00028359}
{"tid": 11095415, "date": 1626401659, "type": "sell", "price": 164651.02755, "amount": 0.00123844}
{"tid": 11095416, "date": 1626401676, "type": "buy", "price": 164999.97997, "amount": 6.878e-05}
{"tid": 11095417, "date": 1626401698, "type": "buy", "price": 164999.97997, "amount": 0.00021472}
{"tid": 11095418, "date": 1626401698, "type": "buy", "price": 164999.98, "amount": 0.00106406}
{"tid": 11095419, "date": 1626401720, "type": "sell", "price": 164678.04805, "amount": 6.83e-05}
{"tid": 11095420, "date": 1626401721, "type": "sell", "price": 164679.04805, "amount": 0.00011091}
{"tid": 11095421, "date": 1626401729, "type": "sell", "price": 164680.05241, "amount": 0.00099943}
{"tid": 11095422, "date": 1626401759, "type": "buy", "price": 164999.99, "amount": 0.00013654}
{"tid": 11095423, "date": 1626401780, "type": "sell", "price": 164680.08584, "amount": 0.00013559}
{"tid": 11095424, "date": 1626401782, "type": "sell", "price": 164680.08585, "amount": 0.00058098}
{"tid": 11095425, "date": 1626401785, "type": "sell", "price": 164680.08585, "amount": 6.237e-05}
{"tid": 11095426, "date": 1626401822, "type": "buy", "price": 164992.98971, "amount": 0.00013554}
{"tid": 11095427, "date": 1626401822, "type": "buy", "price": 164992.98974, "amount": 0.00188086}
{"tid": 11095428, "date": 1626401822, "type": "buy", "price": 164992.98975, "amount": 0.00847453}
{"tid": 11095429, "date": 1626401835, "type": "buy", "price": 164999.98997, "amount": 0.00303084}
{"tid": 11095430, "date": 1626401877, "type": "buy", "price": 164996.98993, "amount": 0.0003394}
{"tid": 11095431, "date": 1626401880, "type": "sell", "price": 164680.08666, "amount": 0.00011093}
{"tid": 11095432, "date": 1626401922, "type": "sell", "price": 164680.08881, "amount": 0.00548718}
{"tid": 11095433, "date": 1626401965, "type": "buy", "price": 164981.98955, "amount": 0.00543883}
{"tid": 11095434, "date": 1626401969, "type": "buy", "price": 164980.98948, "amount": 0.00022578}
{"tid": 11095435, "date": 1626401980, "type": "buy", "price": 164978.98939, "amount": 0.0002199}
{"tid": 11095436, "date": 1626401980, "type": "sell", "price": 164680.09909, "amount": 0.0029}
{"tid": 11095437, "date": 1626402016, "type": "buy", "price": 164997.97996, "amount": 0.00231621}
{"tid": 11095438, "date": 1626402069, "type": "buy", "price": 164978.9794, "amount": 0.00030306}
{"tid": 11095439, "date": 1626402123, "type": "buy", "price": 164973.97919, "amount": 0.0019}
{"tid": 11095440, "date": 1626402129, "type": "buy", "price": 164970.97911, "amount": 0.00011088}
{"tid": 11095441, "date": 1626402129, "type": "buy", "price": 164970.97912, "amount": 0.00301097}
{"tid": 11095442, "date": 1626402140, "type": "buy", "price": 164964.97901, "amount": 0.00013439}
{"tid": 11095443, "date": 1626402142, "type": "sell", "price": 164680.11273, "amount": 0.00945255}
{"tid": 11095444, "date": 1626402172, "type": "sell", "price": 164680.11274, "amount": 0.00021837}
{"tid": 11095445, "date": 1626402182, "type": "buy", "price": 164953.97855, "amount": 0.00060622}
{"tid": 11095446, "date": 1626402203, "type": "buy", "price": 164952.97826, "amount": 0.00013973}
{"tid": 11095447, "date": 1626402204, "type": "buy", "price": 164953.97823, "amount": 0.0001007}
{"tid": 11095448, "date": 1626402219, "type": "buy", "price": 164946.97799, "amount": 0.0001007}
{"tid": 11095449, "date": 1626402227, "type": "buy", "price": 164944.97791, "amount": 0.00515907}
{"tid": 11095450, "date": 1626402227, "type": "buy", "price": 164944.97791, "amount": 0.00090355}
{"tid": 11095451, "date": 1626402243, "type": "buy", "price": 164997.98998, "amount": 0.00012121}
{"tid": 11095452, "date": 1626402274, "type": "sell", "price": 164680.1193, "amount": 0.00013345}
{"tid": 11095453, "date": 1626402278, "type": "sell", "price": 164680.12069, "amount": 0.0014895}
{"tid": 11095454, "date": 1626402280, "type": "buy", "price": 164993.98988, "amount": 0.00606082}
{"tid": 11095455, "date": 1626402294, "type": "buy", "price": 164989.98981, "amount": 0.03661434}
{"tid": 11095456, "date": 1626402308, "type": "buy", "price": 164999.99, "amount": 8.303e-05}
{"tid": 11095457, "date": 1626402315, "type": "sell", "price": 164680.12439, "amount": 0.00674122}
{"tid": 11095458, "date": 1626402359, "type": "buy", "price": 164995.98963, "amount": 0.00018182}
{"tid": 11095459, "date": 1626402389, "type": "sell", "price": 164681.00002, "amount": 0.00996538}
{"tid": 11095460, "date": 1626402405, "type": "buy", "price": 164982.98914, "amount": 0.00050352}
{"tid": 11095461, "date": 1626402415, "type": "buy", "price": 164979.98907, "amount": 0.00606134}
{"tid": 11095462, "date": 1626402416, "type": "buy", "price": 164978.98907, "amount": 0.0001288}
{"tid": 11095463, "date": 1626402421, "type": "sell", "price": 164681.00453, "amount": 0.00560513}
{"tid": 11095464, "date": 1626402427, "type": "sell", "price": 164681.00889, "amount": 0.00039999}
{"tid": 11095465, "date": 1626402431, "type": "buy", "price": 164978.98899, "amount": 0.00303068}
{"tid": 11095466, "date": 1626402466, "type": "buy", "price": 164978.98878, "amount": 0.0006}
{"tid": 11095467, "date": 1626402478, "type": "buy", "price": 164978.98878, "amount": 0.00060613}
{"tid": 11095468, "date": 1626402491, "type": "buy", "price": 164978.98878, "amount": 0.00031}
{"tid": 11095469, "date": 1626402527, "type": "buy", "price": 164978.89984, "amount": 0.00126082}
{"tid": 11095470, "date": 1626402562, "type": "buy", "price": 164976.89949, "amount": 0.00048491}
{"tid": 11095471, "date": 1626402566, "type": "sell", "price": 164681.0427, "amount": 0.0006263}
{"tid": 11095472, "date": 1626402602, "type": "buy", "price": 164969.899, "amount": 0.00045}
{"tid": 11095473, "date": 1626402627, "type": "buy", "price": 164968.89873, "amount": 0.00179275}
{"tid": 11095474, "date": 1626402630, "type": "buy", "price": 164968.8987, "amount": 0.00028944}
{"tid": 11095475, "date": 1626402630, "type": "sell", "price": 164681.05605, "amount": 0.02982802}
{"tid": 11095476, "date": 1626402639, "type": "buy", "price": 164967.89862, "amount": 0.00031036}
{"tid": 11095477, "date": 1626402665, "type": "buy", "price": 164962.89831, "amount": 0.00146577}
{"tid": 11095478, "date": 1626402665, "type": "buy", "price": 164962.89833, "amount": 0.01538102}
{"tid": 11095479, "date": 1626402665, "type": "buy", "price": 164962.89834, "amount": 0.08}
{"tid": 11095480, "date": 1626402665, "type": "buy", "price": 164968.89, "amount": 0.01427558}
{"tid": 11095481, "date": 1626402671, "type": "buy", "price": 164968.89, "amount": 0.00030308}
{"tid": 11095482, "date": 1626402672, "type": "buy", "price": 164968.89, "amount": 0.00016608}
{"tid": 11095483, "date": 1626402672, "type": "buy", "price": 164999.99, "amount": 5.037e-05}
{"tid": 11095484, "date": 1626402698, "type": "buy", "price": 164998.98999, "amount": 0.0001007}
{"tid": 11095485, "date": 1626402698, "type": "buy", "price": 164998.98999, "amount": 0.00045}
{"tid": 11095486, "date": 1626402723, "type": "buy", "price": 164998.98999, "amount": 0.00606064}
{"tid": 11095487, "date": 1626402753, "type": "buy", "price": 164998.97994, "amount": 0.00030018}
{"tid": 11095488, "date": 1626402759, "type": "sell", "price": 164681.08818, "amount": 3.305e-05}
{"tid": 11095489, "date": 1626402761, "type": "sell", "price": 164681.08821, "amount": 0.00053436}
{"tid": 11095490, "date": 1626402776, "type": "buy", "price": 164998.97978, "amount": 3.304e-05}
{"tid": 11095491, "date": 1626402776, "type": "buy", "price": 164998.98999, "amount": 0.00071684}
{"tid": 11095492, "date": 1626402780, "type": "buy", "price": 164998.9698, "amount": 0.00072727}
{"tid": 11095493, "date": 1626402787, "type": "buy", "price": 164998.9698, "amount": 0.00212122}
{"tid": 11095494, "date": 1626402806, "type": "buy", "price": 164681.40832, "amount": 0.00060723}
{"tid": 11095495, "date": 1626402842, "type": "buy", "price": 164681.00032, "amount": 0.000436}
{"tid": 11095496, "date": 1626402845, "type": "buy", "price": 164998.9799, "amount": 0.00049091}
{"tid": 11095497, "date": 1626402896, "type": "buy", "price": 164998.98, "amount": 0.00090909}
{"tid": 11095498, "date": 1626402919, "type": "sell", "price": 164681.40429, "amount": 0.00173479}
{"tid": 11095499, "date": 1626402941, "type": "buy", "price": 164681.72207, "amount": 6.072e-05}
{"tid": 11095500, "date": 1626402980, "type": "buy", "price": 164681.4103, "amount": 7.59e-05}
{"tid": 11095501, "date": 1626402987, "type": "buy", "price": 164681.40001, "amount": 0.000585}
{"tid": 11095502, "date": 1626402996, "type": "buy", "price": 164998.58993, "amount": 0.00010412}
{"tid": 11095503, "date": 1626403024, "type": "buy", "price": 164681.40033, "amount": 8.634e-05}
{"tid": 11095504, "date": 1626403045, "type": "buy", "price": 164681.40001, "amount": 0.00042506}
{"tid": 11095505, "date": 1626403046, "type": "buy", "price": 164681.40001, "amount": 0.00015994}
{"tid": 11095506, "date": 1626403063, "type": "sell", "price": 164900, "amount": 0.0009953}
{"tid": 11095507, "date": 1626403083, "type": "sell", "price": 164900, "amount": 6.065e-05}
{"tid": 11095508, "date": 1626403092, "type": "buy", "price": 164900.09855, "amount": 0.00013232}
{"tid": 11095509, "date": 1626403096, "type": "sell", "price": 164900, "amount": 0.00070341}
{"tid": 11095510, "date": 1626403119, "type": "sell", "price": 164900, "amount": 0.0001314}
{"tid": 11095511, "date": 1626403127, "type": "buy", "price": 164900.09856, "amount": 0.0007416}
{"tid": 11095512, "date": 1626403127, "type": "buy", "price": 164998.98999, "amount": 0.00531948}
{"tid": 11095513, "date": 1626403129, "type": "buy", "price": 164900.09899, "amount": 9.32e-05}
{"tid": 11095514, "date": 1626403136, "type": "sell", "price": 164900, "amount": 0.00925281}
{"tid": 11095515, "date": 1626403136, "type": "buy", "price": 164900.09899, "amount": 0.00033753}
{"tid": 11095516, "date": 1626403192, "type": "buy", "price": 164900.09849, "amount": 0.00030321}
{"tid": 11095517, "date": 1626403195, "type": "buy", "price": 164900.10846, "amount": 6.525e-05}
{"tid": 11095518, "date": 1626403218, "type": "buy", "price": 164900.00001, "amount": 0.00018823}
{"tid": 11095519, "date": 1626403224, "type": "sell", "price": 164900, "amount": 6.48e-05}
{"tid": 11095520, "date": 1626403231, "type": "buy", "price": 164900.00001, "amount": 0.00030377}
{"tid": 11095521, "date": 1626403231, "type": "buy", "price": 164900.01, "amount": 0.00454765}
{"tid": 11095522, "date": 1626403245, "type": "sell", "price": 164900, "amount": 0.00092019}
{"tid": 11095523, "date": 1626403245, "type": "sell", "price": 164681.40361, "amount": 7.017e-05}
{"tid": 11095524, "date": 1626403251, "type": "buy", "price": 164900, "amount": 0.0027764}
{"tid": 11095525, "date": 1626403288, "type": "buy", "price": 164681.62779, "amount": 0.00278015}
{"tid": 11095526, "date": 1626403313, "type": "buy", "price": 164899.98996, "amount": 0.00012959}
{"tid": 11095527, "date": 1626403327, "type": "sell", "price": 164682.00001, "amount": 0.00488091}
{"tid": 11095528, "date": 1626403367, "type": "buy", "price": 164682.2136, "amount": 0.00060723}
{"tid": 11095529, "date": 1626403451, "type": "buy", "price": 164863.00458, "amount": 0.00018196}
{"tid": 11095530, "date": 1626403474, "type": "buy", "price": 164862.9946, "amount": 0.00061681}
{"tid": 11095531, "date": 1626403480, "type": "buy", "price": 164862.9946, "amount": 0.00069293}
{"tid": 11095532, "date": 1626403496, "type": "buy", "price": 164862.99457, "amount": 0.00060653}
{"tid": 11095533, "date": 1626403538, "type": "buy", "price": 164863.00458, "amount": 0.00060656}
{"tid": 11095534, "date": 1626403580, "type": "buy", "price": 164862.99999, "amount": 0.00494861}
{"tid": 11095535, "date": 1626403580, "type": "buy", "price": 164863, "amount": 0.00414985}
{"tid": 11095536, "date": 1626403600, "type": "buy", "price": 164862.99, "amount": 6.065e-05}
{"tid": 11095537, "date": 1626403600, "type": "buy", "price": 164862.99, "amount": 0.00120845}
{"tid": 11095538, "date": 1626403606, "type": "sell", "price": 164683.01591, "amount": 0.00012869}
{"tid": 11095539, "date": 1626403621, "type": "buy", "price": 164863.00458, "amount": 0.00034119}
{"tid": 11095540, "date": 1626403630, "type": "sell", "price": 164683.02628, "amount": 8.912e-05}
{"tid": 11095541, "date": 1626403667, "type": "buy", "price": 164863.00458, "amount": 0.0005459}
{"tid": 11095542, "date": 1626403693, "type": "buy", "price": 164862.9946, "amount": 0.00190964}
{"tid": 11095543, "date": 1626403706, "type": "buy", "price": 164862.9946, "amount": 6.065e-05}
{"tid": 11095544, "date": 1626403737, "type": "buy", "price": 164862.9946, "amount": 0.00012768}
{"tid": 11095545, "date": 1626403747, "type": "sell", "price": 164683.01528, "amount": 0.01413208}
{"tid": 11095546, "date": 1626403800, "type": "sell", "price": 164683.01669, "amount": 6.34e-05}
{"tid": 11095547, "date": 1626403806, "type": "buy", "price": 164862.97459, "amount": 0.00017687}
{"tid": 11095548, "date": 1626403807, "type": "buy", "price": 164862.97459, "amount": 0.0001007}
{"tid": 11095549, "date": 1626403831, "type": "buy", "price": 164862.96459, "amount": 0.00195289}
{"tid": 11095550, "date": 1626403847, "type": "sell", "price": 164683.02088, "amount": 0.01034453}
{"tid": 11095551, "date": 1626403855, "type": "buy", "price": 164862.94459, "amount": 0.00060656}
{"tid": 11095552, "date": 1626403902, "type": "buy", "price": 164862.93459, "amount": 0.00097}
{"tid": 11095553, "date": 1626403935, "type": "buy", "price": 164862.91459, "amount": 0.00087217}
{"tid": 11095554, "date": 1626403983, "type": "buy", "price": 164862.89459, "amount": 0.00074}
{"tid": 11095555, "date": 1626403990, "type": "sell", "price": 164684, "amount": 6.339e-05}
{"tid": 11095556, "date": 1626404020, "type": "buy", "price": 164862.87459, "amount": 0.00012574}
{"tid": 11095557, "date": 1626404045, "type": "sell", "price": 164684, "amount": 9.364e-05}
{"tid": 11095558, "date": 1626404063, "type": "sell", "price": 164684, "amount": 0.00024297}
{"tid": 11095559, "date": 1626404076, "type": "buy", "price": 164683.99999, "amount": 9.296e-05}
{"tid": 11095560, "date": 1626404106, "type": "buy", "price": 164862.98459, "amount": 0.00161952}
{"tid": 11095561, "date": 1626404112, "type": "sell", "price": 164683.0153, "amount": 9.265e-05}
{"tid": 11095562, "date": 1626404145, "type": "buy", "price": 164862.96459, "amount": 9.195e-05}
{"tid": 11095563, "date": 1626404160, "type": "buy", "price": 164862.96459, "amount": 0.00576236}
{"tid": 11095564, "date": 1626404162, "type": "sell", "price": 164683.01843, "amount": 0.00012219}
{"tid": 11095565, "date": 1626404168, "type": "buy", "price": 164862.95459, "amount": 0.0010133}
{"tid": 11095566, "date": 1626404168, "type": "buy", "price": 164862.9546, "amount": 0.00079462}
{"tid": 11095567, "date": 1626404204, "type": "sell", "price": 164683.01878, "amount": 0.0003}
{"tid": 11095568, "date": 1626404213, "type": "sell", "price": 164683.01529, "amount": 0.01867}
{"tid": 11095569, "date": 1626404233, "type": "sell", "price": 164683.01528, "amount": 0.00231036}
{"tid": 11095570, "date": 1626404237, "type": "sell", "price": 164683.01879, "amount": 0.00146984}
{"tid": 11095571, "date": 1626404292, "type": "sell", "price": 164683.01873, "amount": 3.333e-05}
{"tid": 11095572, "date": 1626404292, "type": "buy", "price": 164862.96459, "amount": 6.065e-05}
{"tid": 11095573, "date": 1626404360, "type": "sell", "price": 164683.19521, "amount": 0.00060723}
{"tid": 11095574, "date": 1626404386, "type": "sell", "price": 164683.01219, "amount": 0.00321217}
{"tid": 11095575, "date": 1626404419, "type": "sell", "price": 164683.01, "amount": 0.0001445}
{"tid": 11095576, "date": 1626404419, "type": "sell", "price": 164683.00961, "amount": 7.044e-05}
{"tid": 11095577, "date": 1626404444, "type": "buy", "price": 164683.18954, "amount": 0.00164133}
{"tid": 11095578, "date": 1626404444, "type": "buy", "price": 164683.18955, "amount": 0.007076}
{"tid": 11095579, "date": 1626404444, "type": "buy", "price": 164862.96, "amount": 0.02743574}
{"tid": 11095580, "date": 1626404447, "type": "buy", "price": 164862.97, "amount": 0.00068303}
{"tid": 11095581, "date": 1626404447, "type": "buy", "price": 164863.00458, "amount": 0.00029741}
{"tid": 11095582, "date": 1626404447, "type": "buy", "price": 164900, "amount": 0.00056453}
{"tid": 11095583, "date": 1626404447, "type": "buy", "price": 164988.44931, "amount": 0.00012122}
{"tid": 11095584, "date": 1626404447, "type": "buy", "price": 164998.98999, "amount": 0.00204304}
{"tid": 11095585, "date": 1626404447, "type": "buy", "price": 164999.99, "amount": 0.01481343}
{"tid": 11095586, "date": 1626404447, "type": "buy", "price": 164999.99, "amount": 0.0005}
{"tid": 11095587, "date": 1626404447, "type": "buy", "price": 164999.99, "amount": 0.00413873}
{"tid": 11095588, "date": 1626404447, "type": "buy", "price": 165000, "amount": 0.00076194}
{"tid": 11095589, "date": 1626404447, "type": "buy", "price": 165000, "amount": 0.00030159}
{"tid": 11095590, "date": 1626404477, "type": "sell", "price": 164862.96, "amount": 0.00030274}
{"tid": 11095591, "date": 1626404527, "type": "buy", "price": 164863.19703, "amount": 0.00030328}
{"tid": 11095592, "date": 1626404542, "type": "sell", "price": 164862.96, "amount": 0.00025218}
{"tid": 11095593, "date": 1626404546, "type": "buy", "price": 164863.19704, "amount": 0.00015164}
{"tid": 11095594, "date": 1626404556, "type": "buy", "price": 164863.19704, "amount": 0.000331}
{"tid": 11095595, "date": 1626404556, "type": "buy", "price": 165099.97997, "amount": 0.00097816}
{"tid": 11095596, "date": 1626404587, "type": "sell", "price": 164862.96, "amount": 6.03e-05}
{"tid": 11095597, "date": 1626404595, "type": "buy", "price": 165099.98996, "amount": 0.00242277}
{"tid": 11095598, "date": 1626404599, "type": "buy", "price": 165099.98996, "amount": 0.00088168}
{"tid": 11095599, "date": 1626404599, "type": "buy", "price": 165099.99, "amount": 0.00517525}
{"tid": 11095600, "date": 1626404616, "type": "sell", "price": 164862.96, "amount": 0.00060148}
{"tid": 11095601, "date": 1626404616, "type": "sell", "price": 164683.04464, "amount": 0.00119379}
{"tid": 11095602, "date": 1626404624, "type": "buy", "price": 165099.99, "amount": 0.00059921}
{"tid": 11095603, "date": 1626404631, "type": "sell", "price": 164683.04467, "amount": 0.00411602}
{"tid": 11095604, "date": 1626404659, "type": "buy", "price": 164862.93999, "amount": 0.00019434}
{"tid": 11095605, "date": 1626404691, "type": "buy", "price": 164862.94, "amount": 0.00015}
{"tid": 11095606, "date": 1626404708, "type": "buy", "price": 164862.93999, "amount": 0.00019499}
{"tid": 11095607, "date": 1626404819, "type": "buy", "price": 164862.90999, "amount": 6.302e-05}
{"tid": 11095608, "date": 1626404827, "type": "sell", "price": 164683.00985, "amount": 0.00127412}
{"tid": 11095609, "date": 1626404940, "type": "buy", "price": 164862.91999, "amount": 0.00023437}
{"tid": 11095610, "date": 1626404949, "type": "buy", "price": 164862.91999, "amount": 0.00136477}
{"tid": 11095611, "date": 1626404950, "type": "buy", "price": 164862.91999, "amount": 0.0002314}
{"tid": 11095612, "date": 1626404957, "type": "sell", "price": 164683.01, "amount": 0.00175011}
{"tid": 11095613, "date": 1626404959, "type": "buy", "price": 164862.90999, "amount": 0.00272954}
{"tid": 11095614, "date": 1626405038, "type": "sell", "price": 164683.01015, "amount": 0.01}
{"tid": 11095615, "date": 1626405096, "type": "buy", "price": 164862.93, "amount": 6.065e-05}
{"tid": 11095616, "date": 1626405101, "type": "buy", "price": 164862.93, "amount": 0.00032451}
{"tid": 11095617, "date": 1626405111, "type": "buy", "price": 164862.92, "amount": 0.00197133}
{"tid": 11095618, "date": 1626405123, "type": "buy", "price": 164862.91999, "amount": 0.00090984}
{"tid": 11095619, "date": 1626405287, "type": "buy", "price": 164862.93, "amount": 0.00018941}
{"tid": 11095620, "date": 1626405287, "type": "buy", "price": 164862.95, "amount": 1.059e-05}
{"tid": 11095621, "date": 1626405360, "type": "buy", "price": 164862.95, "amount": 0.00110775}
{"tid": 11095622, "date": 1626405480, "type": "sell", "price": 164862.91, "amount": 0.0005487}
{"tid": 11095623, "date": 1626405504, "type": "buy", "price": 164862.94999, "amount": 0.00012705}
{"tid": 11095624, "date": 1626405532, "type": "sell", "price": 164862.91, "amount": 0.00032557}
{"tid": 11095625, "date": 1626405533, "type": "sell", "price": 164862.91, "amount": 0.00084338}
{"tid": 11095626, "date": 1626405549, "type": "sell", "price": 164862.91, "amount": 5.066e-05}
{"tid": 11095627, "date": 1626405562, "type": "sell", "price": 164862.91, "amount": 0.00061674}
{"tid": 11095628, "date": 1626405577, "type": "buy", "price": 164862.95, "amount": 0.01516411}
{"tid": 11095629, "date": 1626405582, "type": "buy", "price": 164862.95, "amount": 0.00527159}
{"tid": 11095630, "date": 1626405690, "type": "buy", "price": 164862.95, "amount": 0.00606564}
{"tid": 11095631, "date": 1626405699, "type": "buy", "price": 164862.95, "amount": 0.001902}
{"tid": 11095632, "date": 1626405704, "type": "buy", "price": 164862.95, "amount": 0.00047832}
{"tid": 11095633, "date": 1626405704, "type": "buy", "price": 164862.95, "amount": 0.00024197}
{"tid": 11095634, "date": 1626405719, "type": "buy", "price": 164862.94999, "amount": 0.00018021}
{"tid": 11095635, "date": 1626405778, "type": "buy", "price": 164862.95, "amount": 0.0003626}
{"tid": 11095636, "date": 1626405875, "type": "buy", "price": 165099.98999, "amount": 0.00060569}
{"tid": 11095637, "date": 1626405888, "type": "buy", "price": 165100, "amount": 0.00131064}
{"tid": 11095638, "date": 1626405888, "type": "buy", "price": 165119.6808, "amount": 0.00012112}
{"tid": 11095639, "date": 1626405888, "type": "buy", "price": 165241.53861, "amount": 8.783e-05}
{"tid": 11095640, "date": 1626405925, "type": "buy", "price": 165241.51841, "amount": 0.00061491}
{"tid": 11095641, "date": 1626405935, "type": "buy", "price": 165241.5084, "amount": 0.00046761}
{"tid": 11095642, "date": 1626405950, "type": "buy", "price": 165241.49839, "amount": 0.00275753}
{"tid": 11095643, "date": 1626406092, "type": "sell", "price": 165000, "amount": 0.0003}
{"tid": 11095644, "date": 1626406105, "type": "buy", "price": 165241.47999, "amount": 0.0002014}
{"tid": 11095645, "date": 1626406111, "type": "buy", "price": 165241.47996, "amount": 0.00605174}
{"tid": 11095646, "date": 1626406144, "type": "sell", "price": 165000, "amount": 0.00188869}
{"tid": 11095647, "date": 1626406284, "type": "buy", "price": 165241.45999, "amount": 0.00187271}
{"tid": 11095648, "date": 1626406289, "type": "buy", "price": 165241.45999, "amount": 0.00121034}
{"tid": 11095649, "date": 1626406375, "type": "sell", "price": 164879.00007, "amount": 0.00185961}
{"tid": 11095650, "date": 1626406383, "type": "buy", "price": 165241.40985, "amount": 0.00189035}
{"tid": 11095651, "date": 1626406383, "type": "buy", "price": 165241.40986, "amount": 0.09052805}
{"tid": 11095652, "date": 1626406383, "type": "buy", "price": 165241.40987, "amount": 0.0044096}
{"tid": 11095653, "date": 1626406400, "type": "buy", "price": 165241.44, "amount": 0.0003631}
{"tid": 11095654, "date": 1626406545, "type": "buy", "price": 165241.44, "amount": 0.00659834}
{"tid": 11095655, "date": 1626406586, "type": "buy", "price": 165241.4799, "amount": 8.908e-05}
{"tid": 11095656, "date": 1626406609, "type": "sell", "price": 164881.00223, "amount": 0.00060146}
{"tid": 11095657, "date": 1626406625, "type": "sell", "price": 164881.00255, "amount": 0.00060893}
{"tid": 11095658, "date": 1626406647, "type": "sell", "price": 164881.00296, "amount": 0.00036928}
{"tid": 11095659, "date": 1626406648, "type": "buy", "price": 165241.48, "amount": 0.01512937}
{"tid": 11095660, "date": 1626406810, "type": "buy", "price": 165241.48, "amount": 0.00150036}
{"tid": 11095661, "date": 1626406810, "type": "buy", "price": 165241.49, "amount": 0.00022979}
{"tid": 11095662, "date": 1626406810, "type": "buy", "price": 165241.53861, "amount": 3.32e-05}
{"tid": 11095663, "date": 1626406810, "type": "buy", "price": 165259.82, "amount": 0.003059}
{"tid": 11095664, "date": 1626406810, "type": "buy", "price": 165263.72717, "amount": 0.00012102}
{"tid": 11095665, "date": 1626406810, "type": "buy", "price": 165345, "amount": 0.00110732}
{"tid": 11095666, "date": 1626406983, "type": "buy", "price": 165241.58359, "amount": 0.00302587}
{"tid": 11095667, "date": 1626407006, "type": "sell", "price": 165241.48, "amount": 7.31e-05}
{"tid": 11095668, "date": 1626407006, "type": "sell", "price": 165241.48, "amount": 0.0001}
{"tid": 11095669, "date": 1626407006, "type": "sell", "price": 164890.00002, "amount": 0.0102444}
{"tid": 11095670, "date": 1626407040, "type": "sell", "price": 165241.58037, "amount": 9.7e-05}
{"tid": 11095671, "date": 1626407048, "type": "buy", "price": 165241.68375, "amount": 0.00060517}
{"tid": 11095672, "date": 1626407073, "type": "sell", "price": 164890.00012, "amount": 0.0004}
{"tid": 11095673, "date": 1626407128, "type": "buy", "price": 165344.99911, "amount": 0.00604796}
{"tid": 11095674, "date": 1626407184, "type": "buy", "price": 165344.99472, "amount": 0.00060479}
{"tid": 11095675, "date": 1626407233, "type": "sell", "price": 164890.00757, "amount": 7.542e-05}
{"tid": 11095676, "date": 1626407271, "type": "buy", "price": 165344.99167, "amount": 0.00037025}
{"tid": 11095677, "date": 1626407278, "type": "buy", "price": 165344.99122, "amount": 0.00120965}
{"tid": 11095678, "date": 1626407375, "type": "sell", "price": 164890.00994, "amount": 0.00025998}
{"tid": 11095679, "date": 1626407379, "type": "buy", "price": 165344.98774, "amount": 0.00302398}
{"tid": 11095680, "date": 1626407400, "type": "buy", "price": 165344.98665, "amount": 0.00604796}
{"tid": 11095681, "date": 1626407411, "type": "sell", "price": 164890.01062, "amount": 0.00023}
{"tid": 11095682, "date": 1626407415, "type": "sell", "price": 164890.01072, "amount": 5.657e-05}
{"tid": 11095683, "date": 1626407519, "type": "buy", "price": 164890.46764, "amount": 6.549e-05}
{"tid": 11095684, "date": 1626407536, "type": "sell", "price": 164890.01303, "amount": 0.00031424}
{"tid": 11095685, "date": 1626407598, "type": "buy", "price": 164890.46518, "amount": 0.00015161}
{"tid": 11095686, "date": 1626407649, "type": "sell", "price": 164890.01055, "amount": 0.00017606}
{"tid": 11095687, "date": 1626407689, "type": "buy", "price": 165344.9973, "amount": 0.00089273}
{"tid": 11095688, "date": 1626407836, "type": "sell", "price": 164900.00189, "amount": 4.402e-05}
{"tid": 11095689, "date": 1626407838, "type": "buy", "price": 165344.99113, "amount": 0.00045359}
{"tid": 11095690, "date": 1626407850, "type": "buy", "price": 165344.99043, "amount": 0.00012095}
{"tid": 11095691, "date": 1626408113, "type": "buy", "price": 165324.99934, "amount": 0.01294269}
{"tid": 11095692, "date": 1626408126, "type": "sell", "price": 164900.11181, "amount": 0.00412762}
{"tid": 11095693, "date": 1626408128, "type": "buy", "price": 165324.99864, "amount": 0.00066789}
{"tid": 11095694, "date": 1626408336, "type": "buy", "price": 165339.9996, "amount": 0.0003024}
{"tid": 11095695, "date": 1626408444, "type": "buy", "price": 165339.99856, "amount": 0.00031647}
{"tid": 11095696, "date": 1626408444, "type": "buy", "price": 165339.9986, "amount": 0.0027076}
{"tid": 11095697, "date": 1626408454, "type": "sell", "price": 165339.99, "amount": 0.00048657}
{"tid": 11095698, "date": 1626408454, "type": "sell", "price": 164900.12486, "amount": 0.00037078}
{"tid": 11095699, "date": 1626408497, "type": "buy", "price": 165306.75977, "amount": 0.00030246}
{"tid": 11095700, "date": 1626408706, "type": "sell", "price": 164900.14208, "amount": 0.00021401}
{"tid": 11095701, "date": 1626408769, "type": "sell", "price": 164900.14612, "amount": 0.00053737}
{"tid": 11095702, "date": 1626408811, "type": "buy", "price": 165306.75929, "amount": 0.00632203}
{"tid": 11095703, "date": 1626408811, "type": "buy", "price": 165306.7593, "amount": 0.00037066}
{"tid": 11095704, "date": 1626408811, "type": "buy", "price": 165306.75985, "amount": 0.00012088}
{"tid": 11095705, "date": 1626408811, "type": "buy", "price": 165310.99639, "amount": 0.00024197}
{"tid": 11095706, "date": 1626408811, "type": "buy", "price": 165340, "amount": 0.00326267}
{"tid": 11095707, "date": 1626408824, "type": "buy", "price": 165340, "amount": 6.048e-05}
{"tid": 11095708, "date": 1626408839, "type": "buy", "price": 165340, "amount": 0.00047268}
{"tid": 11095709, "date": 1626408865, "type": "buy", "price": 165339.99995, "amount": 0.012}
{"tid": 11095710, "date": 1626408891, "type": "buy", "price": 165340, "amount": 0.0003024}
{"tid": 11095711, "date": 1626408977, "type": "sell", "price": 164900.16166, "amount": 0.0002721}
{"tid": 11095712, "date": 1626409059, "type": "buy", "price": 164900.60373, "amount": 0.00028059}
{"tid": 11095713, "date": 1626409074, "type": "sell", "price": 164900.16437, "amount": 0.001}
{"tid": 11095714, "date": 1626409270, "type": "buy", "price": 165339.98995, "amount": 0.0003024}
{"tid": 11095715, "date": 1626409306, "type": "buy", "price": 165339.99, "amount": 0.00060481}
{"tid": 11095716, "date": 1626409414, "type": "buy", "price": 165339.98997, "amount": 0.00040988}
{"tid": 11095717, "date": 1626409434, "type": "sell", "price": 165339.98, "amount": 6.447e-05}
{"tid": 11095718, "date": 1626409434, "type": "sell", "price": 164900.11361, "amount": 0.00033932}
{"tid": 11095719, "date": 1626409604, "type": "sell", "price": 164900.12259, "amount": 0.00079442}
{"tid": 11095720, "date": 1626409706, "type": "sell", "price": 164900.12057, "amount": 5.88e-05}
{"tid": 11095721, "date": 1626409831, "type": "sell", "price": 164900.12158, "amount": 0.00387363}
{"tid": 11095722, "date": 1626409900, "type": "buy", "price": 164900.56171, "amount": 0.00303213}
{"tid": 11095723, "date": 1626409912, "type": "sell", "price": 164900.122, "amount": 0.0031}
{"tid": 11095724, "date": 1626409975, "type": "sell", "price": 164900.12218, "amount": 0.00030843}
{"tid": 11095725, "date": 1626410000, "type": "sell", "price": 164900.12242, "amount": 0.00305}
{"tid": 11095726, "date": 1626410031, "type": "buy", "price": 164900.56268, "amount": 0.00030321}
{"tid": 11095727, "date": 1626410058, "type": "sell", "price": 164900.12331, "amount": 4.41e-05}
{"tid": 11095728, "date": 1626410152, "type": "buy", "price": 165339.98958, "amount": 0.00488028}
{"tid": 11095729, "date": 1626410159, "type": "buy", "price": 164900.56431, "amount": 0.00488028}
{"tid": 11095730, "date": 1626410172, "type": "sell", "price": 164900.12485, "amount": 0.00072614}
{"tid": 11095731, "date": 1626410228, "type": "sell", "price": 164900.1257, "amount": 0.00030029}
{"tid": 11095732, "date": 1626410258, "type": "sell", "price": 164900.12609, "amount": 0.0015}
{"tid": 11095733, "date": 1626410439, "type": "buy", "price": 165339.98519, "amount": 0.0003024}
{"tid": 11095734, "date": 1626410514, "type": "sell", "price": 164900.13565, "amount": 0.00015034}
{"tid": 11095735, "date": 1626410545, "type": "buy", "price": 165339.98063, "amount": 0.0006056}
{"tid": 11095736, "date": 1626410549, "type": "buy", "price": 165339.98042, "amount": 0.00181444}
{"tid": 11095737, "date": 1626410562, "type": "buy", "price": 165339.97968, "amount": 0.00014884}
{"tid": 11095738, "date": 1626410596, "type": "buy", "price": 165339.97834, "amount": 0.00060481}
{"tid": 11095739, "date": 1626410782, "type": "buy", "price": 165339.96918, "amount": 0.00026509}
{"tid": 11095740, "date": 1626410843, "type": "sell", "price": 164900.15094, "amount": 0.00014971}
{"tid": 11095741, "date": 1626410853, "type": "buy", "price": 165339.96874, "amount": 0.00060481}
{"tid": 11095742, "date": 1626410870, "type": "sell", "price": 164900.15248, "amount": 0.0371955}
{"tid": 11095743, "date": 1626410870, "type": "sell", "price": 164900.15248, "amount": 0.04179858}
{"tid": 11095744, "date": 1626410898, "type": "buy", "price": 165339.96705, "amount": 0.0001483}
{"tid": 11095745, "date": 1626410914, "type": "buy", "price": 165339.96609, "amount": 0.0003024}
{"tid": 11095746, "date": 1626410985, "type": "buy", "price": 165339.9624, "amount": 0.00604814}
{"tid": 11095747, "date": 1626411043, "type": "sell", "price": 164900.16103, "amount": 0.0114533}
{"tid": 11095748, "date": 1626411120, "type": "buy", "price": 165339.95307, "amount": 0.00207221}
{"tid": 11095749, "date": 1626411172, "type": "buy", "price": 165339.95141, "amount": 0.00022686}
{"tid": 11095750, "date": 1626411186, "type": "buy", "price": 165339.95062, "amount": 0.00090722}
{"tid": 11095751, "date": 1626411192, "type": "buy", "price": 165339.95046, "amount": 0.0001134}
{"tid": 11095752, "date": 1626411637, "type": "sell", "price": 164900.18992, "amount": 0.00632388}
{"tid": 11095753, "date": 1626411752, "type": "buy", "price": 165339.91939, "amount": 0.00060481}
{"tid": 11095754, "date": 1626411997, "type": "buy", "price": 165339.9042, "amount": 7.082e-05}
{"tid": 11095755, "date": 1626412024, "type": "sell", "price": 164900.20881, "amount": 4.25e-05}
{"tid": 11095756, "date": 1626412032, "type": "buy", "price": 165339.90227, "amount": 0.00023829}
{"tid": 11095757, "date": 1626412067, "type": "sell", "price": 164900.20925, "amount": 4.25e-05}
{"tid": 11095758, "date": 1626412229, "type": "sell", "price": 164900.21058, "amount": 0.00697009}
{"tid": 11095759, "date": 1626412269, "type": "buy", "price": 165339.88943, "amount": 0.0012989}
{"tid": 11095760, "date": 1626412302, "type": "buy", "price": 165339.88882, "amount": 0.00093576}
{"tid": 11095761, "date": 1626412329, "type": "buy", "price": 165339.88747, "amount": 0.00035823}
{"tid": 11095762, "date": 1626412331, "type": "buy", "price": 165339.88735, "amount": 0.00604814}
{"tid": 11095763, "date": 1626412347, "type": "sell", "price": 164900.21268, "amount": 0.00030918}
{"tid": 11095764, "date": 1626412635, "type": "buy", "price": 164900.65605, "amount": 0.0001812}
{"tid": 11095765, "date": 1626412660, "type": "sell", "price": 164900.2164, "amount": 0.04563418}
{"tid": 11095766, "date": 1626412741, "type": "sell", "price": 164900.21643, "amount": 0.03546877}
{"tid": 11095767, "date": 1626412742, "type": "sell", "price": 164900.21643, "amount": 0.0046032}
{"tid": 11095768, "date": 1626412776, "type": "sell", "price": 164900.12, "amount": 0.0060643}
{"tid": 11095769, "date": 1626412781, "type": "sell", "price": 164900.11, "amount": 0.02297043}
{"tid": 11095770, "date": 1626412798, "type": "sell", "price": 164900.11, "amount": 0.00702957}
{"tid": 11095771, "date": 1626412801, "type": "sell", "price": 164890.01, "amount": 0.00149707}
{"tid": 11095772, "date": 1626412804, "type": "buy", "price": 164900.10992, "amount": 0.00606427}
{"tid": 11095773, "date": 1626412829, "type": "sell", "price": 164890.01, "amount": 1.909e-05}
{"tid": 11095774, "date": 1626412829, "type": "sell", "price": 164890, "amount": 0.00429165}
{"tid": 11095775, "date": 1626412854, "type": "sell", "price": 164890, "amount": 0.0119446}
{"tid": 11095776, "date": 1626412961, "type": "buy", "price": 164890.00001, "amount": 0.009973}
{"tid": 11095777, "date": 1626412961, "type": "buy", "price": 164989.31991, "amount": 0.00127251}
{"tid": 11095778, "date": 1626413018, "type": "buy", "price": 164890.09909, "amount": 0.00333555}
{"tid": 11095779, "date": 1626413070, "type": "sell", "price": 164890, "amount": 0.00800203}
{"tid": 11095780, "date": 1626413275, "type": "sell", "price": 164863, "amount": 0.00024396}
{"tid": 11095781, "date": 1626413335, "type": "sell", "price": 164862.94001, "amount": 0.00827236}
{"tid": 11095782, "date": 1626413335, "type": "sell", "price": 164862.94, "amount": 0.00093902}
{"tid": 11095783, "date": 1626413385, "type": "sell", "price": 164862.94, "amount": 0.00237894}
{"tid": 11095784, "date": 1626413385, "type": "sell", "price": 164862.91, "amount": 0.00066941}
{"tid": 11095785, "date": 1626413403, "type": "sell", "price": 164862.91, "amount": 0.00422431}
{"tid": 11095786, "date": 1626413452, "type": "buy", "price": 164859.59598, "amount": 0.00019701}
{"tid": 11095787, "date": 1626413594, "type": "buy", "price": 164945.50523, "amount": 0.00013768}
{"tid": 11095788, "date": 1626413950, "type": "sell", "price": 164683.01003, "amount": 0.0111668}
{"tid": 11095789, "date": 1626414477, "type": "sell", "price": 164683.01017, "amount": 0.0003224}
{"tid": 11095790, "date": 1626414514, "type": "sell", "price": 164683.01047, "amount": 0.00012176}
{"tid": 11095791, "date": 1626414628, "type": "buy", "price": 164945.45324, "amount": 0.00143083}
{"tid": 11095792, "date": 1626414762, "type": "sell", "price": 164683.01, "amount": 0.00060722}
{"tid": 11095793, "date": 1626414762, "type": "sell", "price": 164683.01, "amount": 0.00815462}
{"tid": 11095794, "date": 1626414793, "type": "sell", "price": 164683.01, "amount": 8.997e-05}
{"tid": 11095795, "date": 1626414825, "type": "sell", "price": 164683.01, "amount": 0.00170707}
{"tid": 11095796, "date": 1626414866, "type": "buy", "price": 164945.45911, "amount": 0.00014865}
{"tid": 11095797, "date": 1626414911, "type": "sell", "price": 164683, "amount": 5.477e-05}
{"tid": 11095798, "date": 1626414911, "type": "sell", "price": 164681.62, "amount": 9.284e-05}
{"tid": 11095799, "date": 1626415483, "type": "sell", "price": 164681.62, "amount": 0.00035875}
{"tid": 11095800, "date": 1626415483, "type": "sell", "price": 164681.62, "amount": 1.879e-05}
{"tid": 11095801, "date": 1626415639, "type": "sell", "price": 164681.62, "amount": 0.00814727}
{"tid": 11095802, "date": 1626415728, "type": "sell", "price": 164681.4, "amount": 0.00117079}
{"tid": 11095803, "date": 1626415728, "type": "sell", "price": 164681.4, "amount": 0.00555357}
{"tid": 11095804, "date": 1626415735, "type": "buy", "price": 164681.40001, "amount": 0.00018824}
{"tid": 11095805, "date": 1626415882, "type": "sell", "price": 164681.4, "amount": 0.00701395}
{"tid": 11095806, "date": 1626416004, "type": "sell", "price": 164681.4, "amount": 0.00469935}
{"tid": 11095807, "date": 1626416128, "type": "buy", "price": 164681.40001, "amount": 0.00039676}
{"tid": 11095808, "date": 1626416128, "type": "buy", "price": 164876.36999, "amount": 0.00142325}
{"tid": 11095809, "date": 1626416199, "type": "sell", "price": 164681.40001, "amount": 0.00142422}
{"tid": 11095810, "date": 1626416199, "type": "sell", "price": 164681.4, "amount": 2.881e-05}
{"tid": 11095811, "date": 1626416220, "type": "buy", "price": 164681.59496, "amount": 0.00121446}
{"tid": 11095812, "date": 1626416259, "type": "sell", "price": 164681.4, "amount": 0.00200607}
{"tid": 11095813, "date": 1626416395, "type": "sell", "price": 164681.4, "amount": 0.00305231}
{"tid": 11095814, "date": 1626416400, "type": "sell", "price": 164681.4, "amount": 0.03}
{"tid": 11095815, "date": 1626416402, "type": "sell", "price": 164681.4, "amount": 0.05}
{"tid": 11095816, "date": 1626416404, "type": "sell", "price": 164681.4, "amount": 0.05}
{"tid": 11095817, "date": 1626416409, "type": "sell", "price": 164681.4, "amount": 0.04569071}
{"tid": 11095818, "date": 1626416427, "type": "sell", "price": 164680.11, "amount": 0.000532}
{"tid": 11095819, "date": 1626416427, "type": "sell", "price": 164680.11, "amount": 0.002126}
{"tid": 11095820, "date": 1626416427, "type": "sell", "price": 164680.08, "amount": 0.00039493}
{"tid": 11095821, "date": 1626416427, "type": "sell", "price": 164680.08, "amount": 0.02996696}
{"tid": 11095822, "date": 1626416427, "type": "sell", "price": 164550.79, "amount": 0.00056238}
{"tid": 11095823, "date": 1626416429, "type": "sell", "price": 164550.79, "amount": 0.00989411}
{"tid": 11095824, "date": 1626416429, "type": "sell", "price": 164550.79, "amount": 0.00169781}
{"tid": 11095825, "date": 1626416429, "type": "sell", "price": 164500, "amount": 0.00135515}
{"tid": 11095826, "date": 1626416446, "type": "sell", "price": 164500, "amount": 0.00156253}
{"tid": 11095827, "date": 1626416449, "type": "sell", "price": 164500, "amount": 0.00308232}
{"tid": 11095828, "date": 1626416449, "type": "sell", "price": 164500, "amount": 0.0012158}
{"tid": 11095829, "date": 1626416494, "type": "buy", "price": 164480.09962, "amount": 0.00030398}
{"tid": 11095830, "date": 1626416496, "type": "sell", "price": 164480.08, "amount": 0.001}
{"tid": 11095831, "date": 1626416497, "type": "sell", "price": 164480.08, "amount": 0.001}
{"tid": 11095832, "date": 1626416498, "type": "sell", "price": 164480.08, "amount": 0.00098017}
{"tid": 11095833, "date": 1626416550, "type": "buy", "price": 164288.21185, "amount": 0.00608686}
{"tid": 11095834, "date": 1626416562, "type": "buy", "price": 164288.00014, "amount": 3.495e-05}
{"tid": 11095835, "date": 1626416845, "type": "buy", "price": 164491.97991, "amount": 0.00025642}
{"tid": 11095836, "date": 1626416935, "type": "buy", "price": 164491.97992, "amount": 0.00031983}
{"tid": 11095837, "date": 1626417262, "type": "sell", "price": 164288, "amount": 0.00271734}
{"tid": 11095838, "date": 1626417273, "type": "sell", "price": 164288, "amount": 0.00028266}
{"tid": 11095839, "date": 1626417323, "type": "sell", "price": 164204.81, "amount": 0.00125404}
{"tid": 11095840, "date": 1626417342, "type": "buy", "price": 164204.80981, "amount": 0.00158338}
{"tid": 11095841, "date": 1626417369, "type": "sell", "price": 164200.8, "amount": 0.00031772}
{"tid": 11095842, "date": 1626417369, "type": "sell", "price": 164200.8, "amount": 6e-05}
{"tid": 11095843, "date": 1626417405, "type": "buy", "price": 164200.00053, "amount": 0.001}
{"tid": 11095844, "date": 1626417405, "type": "buy", "price": 164200.00055, "amount": 0.00204512}
{"tid": 11095845, "date": 1626417408, "type": "sell", "price": 164200, "amount": 0.00694811}
{"tid": 11095846, "date": 1626417424, "type": "sell", "price": 164189.8, "amount": 0.00201212}
{"tid": 11095847, "date": 1626417424, "type": "sell", "price": 164189.8, "amount": 0.00051769}
{"tid": 11095848, "date": 1626417424, "type": "sell", "price": 164189.8, "amount": 0.00036543}
{"tid": 11095849, "date": 1626417424, "type": "sell", "price": 164180.8, "amount": 0.00284448}
{"tid": 11095850, "date": 1626417424, "type": "sell", "price": 164180.8, "amount": 0.00609084}
{"tid": 11095851, "date": 1626417424, "type": "sell", "price": 164180.8, "amount": 0.0003}
{"tid": 11095852, "date": 1626417424, "type": "sell", "price": 164180.8, "amount": 0.00609084}
{"tid": 11095853, "date": 1626417424, "type": "sell", "price": 164180.8, "amount": 0.00913626}
{"tid": 11095854, "date": 1626417424, "type": "sell", "price": 164180.79, "amount": 7.521e-05}
{"tid": 11095855, "date": 1626417424, "type": "sell", "price": 164180.79, "amount": 7.5e-05}
{"tid": 11095856, "date": 1626417424, "type": "sell", "price": 164046, "amount": 0.00030479}
{"tid": 11095857, "date": 1626417424, "type": "sell", "price": 164000, "amount": 0.00184}
{"tid": 11095858, "date": 1626417424, "type": "sell", "price": 164000, "amount": 0.00304878}
{"tid": 11095859, "date": 1626417424, "type": "sell", "price": 164000, "amount": 0.0005978}
{"tid": 11095860, "date": 1626417424, "type": "sell", "price": 164000, "amount": 0.00061}
{"tid": 11095861, "date": 1626417424, "type": "sell", "price": 163900, "amount": 0.00030677}
{"tid": 11095862, "date": 1626417424, "type": "sell", "price": 163800, "amount": 0.0002}
{"tid": 11095863, "date": 1626417424, "type": "sell", "price": 163650, "amount": 0.00481668}
{"tid": 11095864, "date": 1626417424, "type": "sell", "price": 163580, "amount": 0.0085585}
{"tid": 11095865, "date": 1626417424, "type": "sell", "price": 163500.01, "amount": 0.01376146}
{"tid": 11095866, "date": 1626417424, "type": "sell", "price": 163500, "amount": 0.0008}
{"tid": 11095867, "date": 1626417424, "type": "sell", "price": 163500, "amount": 0.00859749}
{"tid": 11095868, "date": 1626417424, "type": "sell", "price": 163253.54045, "amount": 0.036704}
{"tid": 11095869, "date": 1626417424, "type": "sell", "price": 163253.53844, "amount": 0.02664605}
{"tid": 11095870, "date": 1626417425, "type": "buy", "price": 164199.99991, "amount": 0.0003045}
{"tid": 11095871, "date": 1626418028, "type": "buy", "price": 163984.50752, "amount": 0.00030456}
{"tid": 11095872, "date": 1626418083, "type": "buy", "price": 163984.16635, "amount": 6.098e-05}
{"tid": 11095873, "date": 1626418143, "type": "sell", "price": 163299.99738, "amount": 0.00159186}
{"tid": 11095874, "date": 1626418354, "type": "buy", "price": 163982.15821, "amount": 0.00121964}
{"tid": 11095875, "date": 1626419253, "type": "sell", "price": 163302.07325, "amount": 0.00119589}
{"tid": 11095876, "date": 1626419600, "type": "buy", "price": 163977.5789, "amount": 0.00030498}
{"tid": 11095877, "date": 1626419626, "type": "buy", "price": 163977.57807, "amount": 0.00030491}
{"tid": 11095878, "date": 1626419790, "type": "sell", "price": 163315.14203, "amount": 0.00121111}
{"tid": 11095879, "date": 1626419948, "type": "sell", "price": 163315.1483, "amount": 0.02503505}
{"tid": 11095880, "date": 1626419959, "type": "buy", "price": 163977.53089, "amount": 0.00121967}
{"tid": 11095881, "date": 1626420042, "type": "sell", "price": 163315.15421, "amount": 8.475e-05}
{"tid": 11095882, "date": 1626420111, "type": "buy", "price": 163977.52215, "amount": 0.00366513}
{"tid": 11095883, "date": 1626420330, "type": "buy", "price": 163977.51436, "amount": 0.00060983}
{"tid": 11095884, "date": 1626420356, "type": "buy", "price": 163977.51377, "amount": 0.0001007}
{"tid": 11095885, "date": 1626420676, "type": "sell", "price": 163319.19585, "amount": 0.00121114}
{"tid": 11095886, "date": 1626420753, "type": "buy", "price": 163943.6093, "amount": 0.05}
{"tid": 11095887, "date": 1626420753, "type": "buy", "price": 163943.60931, "amount": 0.01099658}
{"tid": 11095888, "date": 1626420797, "type": "buy", "price": 163943.30761, "amount": 0.00030498}
{"tid": 11095889, "date": 1626420866, "type": "buy", "price": 163942.90492, "amount": 0.00060996}
{"tid": 11095890, "date": 1626421210, "type": "sell", "price": 163319.21014, "amount": 0.00134424}
{"tid": 11095891, "date": 1626421281, "type": "sell", "price": 163500.00194, "amount": 0.00666666}
{"tid": 11095892, "date": 1626421395, "type": "sell", "price": 163500.00399, "amount": 0.00025463}
{"tid": 11095893, "date": 1626421452, "type": "buy", "price": 163942.59582, "amount": 0.00713948}
{"tid": 11095894, "date": 1626421452, "type": "buy", "price": 163942.59585, "amount": 0.00743061}
{"tid": 11095895, "date": 1626421675, "type": "sell", "price": 163500.0177, "amount": 0.00107393}
{"tid": 11095896, "date": 1626421968, "type": "sell", "price": 163500.0456, "amount": 0.00538226}
{"tid": 11095897, "date": 1626422831, "type": "sell", "price": 163526.09883, "amount": 0.00024172}
{"tid": 11095898, "date": 1626422886, "type": "sell", "price": 163526.0999, "amount": 0.143}
{"tid": 11095899, "date": 1626423204, "type": "buy", "price": 163942.54548, "amount": 0.00304984}
{"tid": 11095900, "date": 1626423342, "type": "sell", "price": 163526.10419, "amount": 0.00330801}
{"tid": 11095901, "date": 1626423612, "type": "sell", "price": 163940.55, "amount": 2.5e-05}
{"tid": 11095902, "date": 1626423785, "type": "buy", "price": 163940.16847, "amount": 0.00609978}
{"tid": 11095903, "date": 1626423934, "type": "buy", "price": 163940.16395, "amount": 0.03147837}
{"tid": 11095904, "date": 1626424153, "type": "sell", "price": 163527.01437, "amount": 0.00356936}
{"tid": 11095905, "date": 1626424515, "type": "buy", "price": 163866.60504, "amount": 0.00030512}
{"tid": 11095906, "date": 1626424637, "type": "buy", "price": 163866.59979, "amount": 0.00030512}
{"tid": 11095907, "date": 1626424658, "type": "buy", "price": 163777.06646, "amount": 0.00063708}
{"tid": 11095908, "date": 1626424672, "type": "sell", "price": 163550.01121, "amount": 0.00219678}
{"tid": 11095909, "date": 1626424913, "type": "sell", "price": 163550, "amount": 0.00453}
{"tid": 11095910, "date": 1626424913, "type": "sell", "price": 163550, "amount": 0.0002}
{"tid": 11095911, "date": 1626424958, "type": "sell", "price": 163526.1, "amount": 0.01223046}
{"tid": 11095912, "date": 1626424962, "type": "sell", "price": 163526, "amount": 9.559e-05}
{"tid": 11095913, "date": 1626424962, "type": "sell", "price": 163525, "amount": 9.55e-05}
{"tid": 11095914, "date": 1626424962, "type": "sell", "price": 163515, "amount": 5.25e-05}
{"tid": 11095915, "date": 1626424962, "type": "sell", "price": 163500, "amount": 0.00086472}
{"tid": 11095916, "date": 1626424998, "type": "sell", "price": 163500, "amount": 0.00179326}
{"tid": 11095917, "date": 1626425058, "type": "buy", "price": 163315.24955, "amount": 0.00030291}
{"tid": 11095918, "date": 1626425115, "type": "sell", "price": 163315.15, "amount": 9.484e-05}
{"tid": 11095919, "date": 1626425203, "type": "sell", "price": 163107.03, "amount": 0.00033333}
{"tid": 11095920, "date": 1626425220, "type": "buy", "price": 163107.03, "amount": 6.13e-05}
{"tid": 11095921, "date": 1626425229, "type": "sell", "price": 163099.005, "amount": 0.00035104}
{"tid": 11095922, "date": 1626425231, "type": "buy", "price": 163099.013, "amount": 0.00061312}
{"tid": 11095923, "date": 1626425323, "type": "sell", "price": 163099.005, "amount": 0.02114896}
{"tid": 11095924, "date": 1626425347, "type": "sell", "price": 163063.01, "amount": 0.00030227}
{"tid": 11095925, "date": 1626425347, "type": "sell", "price": 163038, "amount": 0.00090273}
{"tid": 11095926, "date": 1626425347, "type": "sell", "price": 163000.00001, "amount": 0.00137885}
{"tid": 11095927, "date": 1626425373, "type": "sell", "price": 163063.01, "amount": 0.00050797}
{"tid": 11095928, "date": 1626425471, "type": "sell", "price": 163063.01, "amount": 6.29e-05}
{"tid": 11095929, "date": 1626425619, "type": "buy", "price": 163063.01177, "amount": 0.079466}
{"tid": 11095930, "date": 1626425641, "type": "buy", "price": 163063.01211, "amount": 0.114712}
{"tid": 11095931, "date": 1626425683, "type": "sell", "price": 163063.01, "amount": 0.00042912}
{"tid": 11095932, "date": 1626425706, "type": "buy", "price": 163000.06303, "amount": 0.000828}
{"tid": 11095933, "date": 1626425706, "type": "buy", "price": 163063.01, "amount": 0.00065829}
{"tid": 11095934, "date": 1626425726, "type": "sell", "price": 163063.01001, "amount": 0.00515098}
{"tid": 11095935, "date": 1626425741, "type": "sell", "price": 163063.01, "amount": 0.00636326}
{"tid": 11095936, "date": 1626425782, "type": "buy", "price": 163063.01025, "amount": 0.00030662}
{"tid": 11095937, "date": 1626425817, "type": "sell", "price": 163063.01, "amount": 0.00061594}
{"tid": 11095938, "date": 1626425962, "type": "buy", "price": 163063.26, "amount": 0.00016288}
{"tid": 11095939, "date": 1626426015, "type": "buy", "price": 163063.01025, "amount": 0.00022997}
{"tid": 11095940, "date": 1626426021, "type": "buy", "price": 163063.01025, "amount": 0.00099103}
{"tid": 11095941, "date": 1626426021, "type": "buy", "price": 163063.26, "amount": 8.422e-05}
{"tid": 11095942, "date": 1626426021, "type": "buy", "price": 163298.57922, "amount": 1.847e-05}
{"tid": 11095943, "date": 1626426129, "type": "sell", "price": 163063.01101, "amount": 0.00032}
{"tid": 11095944, "date": 1626426240, "type": "sell", "price": 163063.01026, "amount": 0.0093}
{"tid": 11095945, "date": 1626426355, "type": "sell", "price": 163063.01208, "amount": 0.00051804}
{"tid": 11095946, "date": 1626426530, "type": "buy", "price": 163063.01001, "amount": 0.00616859}
{"tid": 11095947, "date": 1626426650, "type": "buy", "price": 163063.01001, "amount": 6.132e-05}
{"tid": 11095948, "date": 1626426696, "type": "sell", "price": 163063.01, "amount": 0.00244139}
{"tid": 11095949, "date": 1626426696, "type": "sell", "price": 163000, "amount": 0.00238293}
{"tid": 11095950, "date": 1626426741, "type": "buy", "price": 163000.00001, "amount": 0.00021472}
{"tid": 11095951, "date": 1626426742, "type": "buy", "price": 163000.00001, "amount": 0.00613496}
{"tid": 11095952, "date": 1626426863, "type": "buy", "price": 163000.00001, "amount": 0.00061349}
{"tid": 11095953, "date": 1626426945, "type": "sell", "price": 163000, "amount": 0.00349964}
{"tid": 11095954, "date": 1626426949, "type": "buy", "price": 163000.00001, "amount": 0.00030674}
{"tid": 11095955, "date": 1626427000, "type": "sell", "price": 163000, "amount": 0.01049201}
{"tid": 11095956, "date": 1626427011, "type": "sell", "price": 163000, "amount": 0.01430026}
{"tid": 11095957, "date": 1626427011, "type": "sell", "price": 163000, "amount": 0.02840715}
{"tid": 11095958, "date": 1626427017, "type": "sell", "price": 163000, "amount": 0.00113666}
{"tid": 11095959, "date": 1626427078, "type": "buy", "price": 163000.00001, "amount": 0.00030674}
{"tid": 11095960, "date": 1626427107, "type": "sell", "price": 163000, "amount": 0.0015}
{"tid": 11095961, "date": 1626427233, "type": "sell", "price": 163000, "amount": 0.01021516}
{"tid": 11095962, "date": 1626427249, "type": "sell", "price": 163000, "amount": 0.00498801}
{"tid": 11095963, "date": 1626427292, "type": "buy", "price": 163000.00001, "amount": 0.00040263}
{"tid": 11095964, "date": 1626427323, "type": "sell", "price": 163000, "amount": 0.0002982}
{"tid": 11095965, "date": 1626427432, "type": "sell", "price": 163000, "amount": 0.0002}
{"tid": 11095966, "date": 1626427513, "type": "buy", "price": 163000.00001, "amount": 0.00030674}
{"tid": 11095967, "date": 1626427519, "type": "sell", "price": 163000, "amount": 0.00152563}
{"tid": 11095968, "date": 1626427519, "type": "sell", "price": 163000, "amount": 0.04319451}
{"tid": 11095969, "date": 1626427549, "type": "buy", "price": 163000.00001, "amount": 0.0040111}
{"tid": 11095970, "date": 1626427582, "type": "buy", "price": 163000.06303, "amount": 0.00061349}
{"tid": 11095971, "date": 1626427667, "type": "sell", "price": 163000.06, "amount": 0.00031}
{"tid": 11095972, "date": 1626427667, "type": "sell", "price": 163000, "amount": 0.00280469}
{"tid": 11095973, "date": 1626427676, "type": "buy", "price": 163000.12296, "amount": 0.00505073}
{"tid": 11095974, "date": 1626427703, "type": "buy", "price": 163000.06302, "amount": 0.00092024}
{"tid": 11095975, "date": 1626427716, "type": "buy", "price": 163000.06302, "amount": 0.00018404}
{"tid": 11095976, "date": 1626427858, "type": "sell", "price": 163000.06003, "amount": 0.025}
{"tid": 11095977, "date": 1626427898, "type": "buy", "price": 163000.12294, "amount": 0.00030674}
{"tid": 11095978, "date": 1626427972, "type": "sell", "price": 163000.06025, "amount": 0.00786281}
{"tid": 11095979, "date": 1626428030, "type": "sell", "price": 163000.06025, "amount": 0.00029047}
{"tid": 11095980, "date": 1626428039, "type": "sell", "price": 163000.06025, "amount": 0.00930199}
{"tid": 11095981, "date": 1626428132, "type": "buy", "price": 163176.97997, "amount": 0.000195}
{"tid": 11095982, "date": 1626428140, "type": "buy", "price": 163000.23726, "amount": 6.593e-05}
{"tid": 11095983, "date": 1626428146, "type": "buy", "price": 163000.23726, "amount": 0.00305827}
{"tid": 11095984, "date": 1626428266, "type": "buy", "price": 163000.57755, "amount": 0.000861}
{"tid": 11095985, "date": 1626428266, "type": "sell", "price": 163001, "amount": 0.02981537}
{"tid": 11095986, "date": 1626428274, "type": "buy", "price": 163000.27788, "amount": 0.0003}
{"tid": 11095987, "date": 1626428279, "type": "buy", "price": 163000.27788, "amount": 8e-06}
{"tid": 11095988, "date": 1626428293, "type": "buy", "price": 163217.89835, "amount": 0.00030633}
{"tid": 11095989, "date": 1626428334, "type": "sell", "price": 163000.06117, "amount": 0.00123938}
{"tid": 11095990, "date": 1626428343, "type": "buy", "price": 163000.27896, "amount": 0.00015}
{"tid": 11095991, "date": 1626428374, "type": "sell", "price": 163000.06003, "amount": 0.058}
{"tid": 11095992, "date": 1626428411, "type": "buy", "price": 163000.06023, "amount": 0.00707613}
{"tid": 11095993, "date": 1626428421, "type": "sell", "price": 163000.06, "amount": 0.00021}
{"tid": 11095994, "date": 1626428453, "type": "sell", "price": 163000.06, "amount": 0.00040349}
{"tid": 11095995, "date": 1626428453, "type": "sell", "price": 163000.05, "amount": 0.00092024}
{"tid": 11095996, "date": 1626428453, "type": "sell", "price": 163000, "amount": 0.00018379}
{"tid": 11095997, "date": 1626428499, "type": "buy", "price": 163000.00001, "amount": 0.00030674}
{"tid": 11095998, "date": 1626428566, "type": "sell", "price": 163000, "amount": 9.97e-05}
{"tid": 11095999, "date": 1626428597, "type": "buy", "price": 163000.00001, "amount": 6.134e-05}
{"tid": 11096000, "date": 1626428716, "type": "buy", "price": 163000.00001, "amount": 9e-05}
{"tid": 11096001, "date": 1626428800, "type": "buy", "price": 163000.00001, "amount": 0.00048411}
{"tid": 11096002, "date": 1626428806, "type": "sell", "price": 163000, "amount": 0.0005257}
{"tid": 11096003, "date": 1626428806, "type": "buy", "price": 163000.00001, "amount": 0.00255781}
{"tid": 11096004, "date": 1626428806, "type": "buy", "price": 163000.27895, "amount": 0.00050967}
{"tid": 11096005, "date": 1626428843, "type": "buy", "price": 163000.00001, "amount": 0.00015}
{"tid": 11096006, "date": 1626428949, "type": "sell", "price": 163000, "amount": 0.0055}
{"tid": 11096007, "date": 1626428951, "type": "sell", "price": 163000, "amount": 0.02105967}
{"tid": 11096008, "date": 1626428983, "type": "sell", "price": 163000, "amount": 0.00024303}
{"tid": 11096009, "date": 1626429028, "type": "buy", "price": 163000.00001, "amount": 0.10245398}
{"tid": 11096010, "date": 1626429070, "type": "buy", "price": 163000.00001, "amount": 0.00110775}
{"tid": 11096011, "date": 1626429079, "type": "buy", "price": 163000.00001, "amount": 0.00012269}
{"tid": 11096012, "date": 1626429118, "type": "buy", "price": 163000.00001, "amount": 0.00030435}
{"tid": 11096013, "date": 1626429132, "type": "sell", "price": 163000.00013, "amount": 0.00055335}
{"tid": 11096014, "date": 1626429230, "type": "buy", "price": 163237.70933, "amount": 0.0006126}
{"tid": 11096015, "date": 1626429261, "type": "buy", "price": 163237.70933, "amount": 0.00918905}
{"tid": 11096016, "date": 1626429331, "type": "sell", "price": 163000.00081, "amount": 0.0002}
{"tid": 11096017, "date": 1626429352, "type": "sell", "price": 163000.0009, "amount": 0.0381819}
{"tid": 11096018, "date": 1626429352, "type": "sell", "price": 163000.00086, "amount": 0.02563006}
{"tid": 11096019, "date": 1626429352, "type": "sell", "price": 163000, "amount": 0.03792485}
{"tid": 11096020, "date": 1626429387, "type": "sell", "price": 163000, "amount": 0.02605727}
{"tid": 11096021, "date": 1626429453, "type": "buy", "price": 163237.70754, "amount": 0.00612603}
{"tid": 11096022, "date": 1626429463, "type": "buy", "price": 163000.23771, "amount": 0.00061349}
{"tid": 11096023, "date": 1626429489, "type": "buy", "price": 163237.70671, "amount": 0.0006126}
{"tid": 11096024, "date": 1626429508, "type": "buy", "price": 163000.46748, "amount": 0.00122699}
{"tid": 11096025, "date": 1626429552, "type": "buy", "price": 163000.46748, "amount": 0.00613495}
{"tid": 11096026, "date": 1626429609, "type": "sell", "price": 163000.23, "amount": 0.01111111}
{"tid": 11096027, "date": 1626429631, "type": "buy", "price": 163000.23001, "amount": 0.00061349}
{"tid": 11096028, "date": 1626429637, "type": "sell", "price": 163000.23, "amount": 0.00115881}
{"tid": 11096029, "date": 1626429637, "type": "sell", "price": 163000.23, "amount": 0.00254119}
{"tid": 11096030, "date": 1626429645, "type": "buy", "price": 163000.23001, "amount": 0.00018404}
{"tid": 11096031, "date": 1626429710, "type": "sell", "price": 163000.23, "amount": 0.00011916}
{"tid": 11096032, "date": 1626429788, "type": "sell", "price": 163000.23, "amount": 7.437e-05}
{"tid": 11096033, "date": 1626429812, "type": "buy", "price": 163000.23001, "amount": 9.588e-05}
{"tid": 11096034, "date": 1626429841, "type": "buy", "price": 163000.23001, "amount": 0.00061349}
{"tid": 11096035, "date": 1626429842, "type": "buy", "price": 163000.23001, "amount": 0.0046281}
{"tid": 11096036, "date": 1626429842, "type": "buy", "price": 163130.00999, "amount": 0.01376582}
{"tid": 11096037, "date": 1626429997, "type": "buy", "price": 163130.08429, "amount": 0.01103413}
{"tid": 11096038, "date": 1626430012, "type": "buy", "price": 163130.08429, "amount": 8.343e-05}
{"tid": 11096039, "date": 1626430013, "type": "buy", "price": 163130.08429, "amount": 0.0003065}
{"tid": 11096040, "date": 1626430022, "type": "sell", "price": 163130, "amount": 0.0005517}
{"tid": 11096041, "date": 1626430022, "type": "sell", "price": 163130, "amount": 0.0008911}
{"tid": 11096042, "date": 1626430045, "type": "sell", "price": 163130, "amount": 0.0101089}
{"tid": 11096043, "date": 1626430045, "type": "sell", "price": 163130, "amount": 7.668e-05}
{"tid": 11096044, "date": 1626430053, "type": "buy", "price": 163130, "amount": 0.00122865}
{"tid": 11096045, "date": 1626430071, "type": "buy", "price": 163050.08, "amount": 0.00030665}
{"tid": 11096046, "date": 1626430077, "type": "buy", "price": 163050.08, "amount": 0.00069}
{"tid": 11096047, "date": 1626430100, "type": "buy", "price": 163050.08, "amount": 0.00104262}
{"tid": 11096048, "date": 1626430134, "type": "buy", "price": 163050.02652, "amount": 0.01831}
{"tid": 11096049, "date": 1626430134, "type": "buy", "price": 163076.51998, "amount": 0.00047581}
{"tid": 11096050, "date": 1626430211, "type": "sell", "price": 163050, "amount": 0.0056}
{"tid": 11096051, "date": 1626430223, "type": "sell", "price": 163050, "amount": 0.00120934}
{"tid": 11096052, "date": 1626430251, "type": "buy", "price": 163050.0465, "amount": 0.04109167}
{"tid": 11096053, "date": 1626430270, "type": "buy", "price": 163050.0465, "amount": 6.133e-05}
{"tid": 11096054, "date": 1626430296, "type": "sell", "price": 163050.02, "amount": 0.001}
{"tid": 11096055, "date": 1626430296, "type": "sell", "price": 163050, "amount": 0.001}
{"tid": 11096056, "date": 1626430333, "type": "sell", "price": 163050, "amount": 0.00026431}
{"tid": 11096057, "date": 1626430333, "type": "sell", "price": 163000.23001, "amount": 0.00373569}
{"tid": 11096058, "date": 1626430339, "type": "sell", "price": 163000.23001, "amount": 0.02188683}
{"tid": 11096059, "date": 1626430339, "type": "sell", "price": 163000.23, "amount": 0.00340024}
{"tid": 11096060, "date": 1626430339, "type": "sell", "price": 163000.23, "amount": 0.007}
{"tid": 11096061, "date": 1626430339, "type": "sell", "price": 163000, "amount": 0.05751838}
{"tid": 11096062, "date": 1626430457, "type": "sell", "price": 163000, "amount": 0.00941225}
{"tid": 11096063, "date": 1626430517, "type": "buy", "price": 163000.00001, "amount": 0.00184049}
{"tid": 11096064, "date": 1626430591, "type": "buy", "price": 163000.00001, "amount": 0.00122699}
{"tid": 11096065, "date": 1626430596, "type": "buy", "price": 163000.00001, "amount": 0.00061349}
{"tid": 11096066, "date": 1626430650, "type": "sell", "price": 163000, "amount": 0.03}
{"tid": 11096067, "date": 1626430655, "type": "sell", "price": 163000, "amount": 0.03}
{"tid": 11096068, "date": 1626430659, "type": "sell", "price": 163000, "amount": 0.03}
{"tid": 11096069, "date": 1626430663, "type": "sell", "price": 163000, "amount": 0.00088695}
{"tid": 11096070, "date": 1626430664, "type": "sell", "price": 163000, "amount": 0.03}
{"tid": 11096071, "date": 1626430679, "type": "sell", "price": 163000, "amount": 0.006365}
{"tid": 11096072, "date": 1626430689, "type": "sell", "price": 163000, "amount": 0.03}
{"tid": 11096073, "date": 1626430710, "type": "buy", "price": 163000.00001, "amount": 0.00306748}
{"tid": 11096074, "date": 1626430794, "type": "buy", "price": 163000.00001, "amount": 0.01372742}
{"tid": 11096075, "date": 1626430808, "type": "sell", "price": 163000, "amount": 0.00217371}
{"tid": 11096076, "date": 1626430822, "type": "buy", "price": 163000.00001, "amount": 6.134e-05}
{"tid": 11096077, "date": 1626430866, "type": "buy", "price": 163000.00001, "amount": 0.00213606}
{"tid": 11096078, "date": 1626430894, "type": "sell", "price": 163000, "amount": 0.00714589}
{"tid": 11096079, "date": 1626430910, "type": "sell", "price": 163000, "amount": 0.03}
{"tid": 11096080, "date": 1626430914, "type": "sell", "price": 163000, "amount": 0.03}
{"tid": 11096081, "date": 1626430922, "type": "sell", "price": 163000, "amount": 0.03}
{"tid": 11096082, "date": 1626430923, "type": "sell", "price": 163000, "amount": 0.00519657}
{"tid": 11096083, "date": 1626430923, "type": "sell", "price": 163000, "amount": 0.0030869}
{"tid": 11096084, "date": 1626430923, "type": "sell", "price": 163000, "amount": 0.12252487}
{"tid": 11096085, "date": 1626430926, "type": "sell", "price": 163000, "amount": 0.03}
{"tid": 11096086, "date": 1626430928, "type": "sell", "price": 163000, "amount": 0.03409461}
{"tid": 11096087, "date": 1626430930, "type": "sell", "price": 163000, "amount": 0.03}
{"tid": 11096088, "date": 1626430933, "type": "sell", "price": 163000, "amount": 0.05}
{"tid": 11096089, "date": 1626430935, "type": "sell", "price": 163000, "amount": 0.03}
{"tid": 11096090, "date": 1626430937, "type": "sell", "price": 163000, "amount": 0.00421186}
{"tid": 11096091, "date": 1626430937, "type": "sell", "price": 163000, "amount": 0.00308814}
{"tid": 11096092, "date": 1626430940, "type": "sell", "price": 163000, "amount": 0.05}
{"tid": 11096093, "date": 1626430944, "type": "sell", "price": 163000, "amount": 0.05}
{"tid": 11096094, "date": 1626430948, "type": "sell", "price": 163000, "amount": 0.05}
{"tid": 11096095, "date": 1626430952, "type": "sell", "price": 163000, "amount": 0.02870048}
{"tid": 11096096, "date": 1626430952, "type": "sell", "price": 163000, "amount": 0.00613496}
{"tid": 11096097, "date": 1626430952, "type": "sell", "price": 163000, "amount": 0.011}
{"tid": 11096098, "date": 1626430952, "type": "sell", "price": 163000, "amount": 0.00416456}
{"tid": 11096099, "date": 1626430956, "type": "buy", "price": 163000.00001, "amount": 0.00399895}
{"tid": 11096100, "date": 1626430957, "type": "sell", "price": 163000, "amount": 0.05}
{"tid": 11096101, "date": 1626430961, "type": "sell", "price": 163000, "amount": 0.05}
{"tid": 11096102, "date": 1626430966, "type": "sell", "price": 163000, "amount": 0.05}
{"tid": 11096103, "date": 1626430970, "type": "sell", "price": 163000, "amount": 0.05}
{"tid": 11096104, "date": 1626430975, "type": "sell", "price": 163000, "amount": 0.05}
{"tid": 11096105, "date": 1626430979, "type": "sell", "price": 163000, "amount": 0.04583544}
{"tid": 11096106, "date": 1626430979, "type": "sell", "price": 163000, "amount": 0.00030674}
{"tid": 11096107, "date": 1626430979, "type": "sell", "price": 163000, "amount": 0.00385782}
{"tid": 11096108, "date": 1626430985, "type": "sell", "price": 163000, "amount": 0.05}
{"tid": 11096109, "date": 1626431001, "type": "buy", "price": 163000.00001, "amount": 0.00061349}
{"tid": 11096110, "date": 1626431017, "type": "buy", "price": 163000.00001, "amount": 0.00585055}
{"tid": 11096111, "date": 1626431063, "type": "buy", "price": 163000.00001, "amount": 0.03067484}
{"tid": 11096112, "date": 1626431073, "type": "sell", "price": 163000, "amount": 0.00058777}
{"tid": 11096113, "date": 1626431086, "type": "buy", "price": 163000.00001, "amount": 0.0184049}
{"tid": 11096114, "date": 1626431089, "type": "sell", "price": 163000, "amount": 0.00062642}
{"tid": 11096115, "date": 1626431090, "type": "buy", "price": 163000.00001, "amount": 0.03067484}
{"tid": 11096116, "date": 1626431100, "type": "sell", "price": 163000, "amount": 0.04492799}
{"tid": 11096117, "date": 1626431100, "type": "sell", "price": 163000, "amount": 0.00067484}
{"tid": 11096118, "date": 1626431100, "type": "sell", "price": 163000, "amount": 0.00061423}
{"tid": 11096119, "date": 1626431100, "type": "sell", "price": 163000, "amount": 0.01226993}
{"tid": 11096120, "date": 1626431100, "type": "sell", "price": 163000, "amount": 0.0001}
{"tid": 11096121, "date": 1626431100, "type": "sell", "price": 163000, "amount": 0.0003049}
{"tid": 11096122, "date": 1626431100, "type": "sell", "price": 163000, "amount": 0.00030987}
{"tid": 11096123, "date": 1626431100, "type": "sell", "price": 163000, "amount": 0.00092042}
{"tid": 11096124, "date": 1626431100, "type": "sell", "price": 163000, "amount": 0.0004}
{"tid": 11096125, "date": 1626431100, "type": "sell", "price": 163000, "amount": 0.00061349}
{"tid": 11096126, "date": 1626431100, "type": "sell", "price": 163000, "amount": 0.007}
{"tid": 11096127, "date": 1626431100, "type": "sell", "price": 163000, "amount": 0.00028852}
{"tid": 11096128, "date": 1626431100, "type": "sell", "price": 163000, "amount": 0.00388344}
{"tid": 11096129, "date": 1626431100, "type": "sell", "price": 163000, "amount": 0.01227}
{"tid": 11096130, "date": 1626431100, "type": "sell", "price": 163000, "amount": 0.00310822}
{"tid": 11096131, "date": 1626431100, "type": "sell", "price": 163000, "amount": 0.0004268}
{"tid": 11096132, "date": 1626431100, "type": "sell", "price": 163000, "amount": 0.00066993}
{"tid": 11096133, "date": 1626431100, "type": "sell", "price": 163000, "amount": 0.00011993}
{"tid": 11096134, "date": 1626431100, "type": "sell", "price": 163000, "amount": 0.0092025}
{"tid": 11096135, "date": 1626431100, "type": "sell", "price": 163000, "amount": 0.00306748}
{"tid": 11096136, "date": 1626431100, "type": "sell", "price": 163000, "amount": 0.00129815}
{"tid": 11096137, "date": 1626431100, "type": "sell", "price": 163000, "amount": 0.00306748}
{"tid": 11096138, "date": 1626431120, "type": "buy", "price": 162955.84973, "amount": 0.0025}
{"tid": 11096139, "date": 1626431127, "type": "sell", "price": 162955.83925, "amount": 0.0001841}
{"tid": 11096140, "date": 1626431143, "type": "buy", "price": 162955.83876, "amount": 0.04387404}
{"tid": 11096141, "date": 1626431143, "type": "buy", "price": 162955.83879, "amount": 0.00612596}
{"tid": 11096142, "date": 1626431164, "type": "sell", "price": 162953.64535, "amount": 0.000183}
{"tid": 11096143, "date": 1626431164, "type": "sell", "price": 162800, "amount": 6.142e-05}
{"tid": 11096144, "date": 1626431164, "type": "sell", "price": 162800, "amount": 0.001}
{"tid": 11096145, "date": 1626431164, "type": "sell", "price": 162729.91, "amount": 0.00258096}
{"tid": 11096146, "date": 1626431164, "type": "sell", "price": 162729, "amount": 0.0007}
{"tid": 11096147, "date": 1626431164, "type": "sell", "price": 162558.00001, "amount": 0.00018372}
{"tid": 11096148, "date": 1626431164, "type": "sell", "price": 162558, "amount": 0.00359244}
{"tid": 11096149, "date": 1626431164, "type": "sell", "price": 162502, "amount": 0.00029999}
{"tid": 11096150, "date": 1626431164, "type": "sell", "price": 162501, "amount": 0.00015083}
{"tid": 11096151, "date": 1626431176, "type": "sell", "price": 162501, "amount": 0.03357277}
{"tid": 11096152, "date": 1626431176, "type": "sell", "price": 162501, "amount": 0.01172809}
{"tid": 11096153, "date": 1626431219, "type": "sell", "price": 162501, "amount": 0.04980999}
{"tid": 11096154, "date": 1626431224, "type": "sell", "price": 162500, "amount": 0.0003419}
{"tid": 11096155, "date": 1626431224, "type": "sell", "price": 162500, "amount": 0.0006154}
{"tid": 11096156, "date": 1626431224, "type": "sell", "price": 162500, "amount": 0.00015}
{"tid": 11096157, "date": 1626431224, "type": "sell", "price": 162500, "amount": 0.00063384}
{"tid": 11096158, "date": 1626431224, "type": "sell", "price": 162500, "amount": 0.0005}
{"tid": 11096159, "date": 1626431224, "type": "sell", "price": 162500, "amount": 0.008}
{"tid": 11096160, "date": 1626431224, "type": "sell", "price": 162499.9, "amount": 0.02}
{"tid": 11096161, "date": 1626431224, "type": "sell", "price": 162444.5537, "amount": 0.00015642}
{"tid": 11096162, "date": 1626431224, "type": "sell", "price": 162440, "amount": 0.00615611}
{"tid": 11096163, "date": 1626431224, "type": "sell", "price": 162355, "amount": 0.00123051}
{"tid": 11096164, "date": 1626431224, "type": "sell", "price": 162333.33, "amount": 0.003}
{"tid": 11096165, "date": 1626431224, "type": "sell", "price": 162326, "amount": 0.0032}
{"tid": 11096166, "date": 1626431224, "type": "sell", "price": 162200, "amount": 0.018}
{"tid": 11096167, "date": 1626431224, "type": "sell", "price": 162197.03, "amount": 0.0014}
{"tid": 11096168, "date": 1626431224, "type": "sell", "price": 162196.03, "amount": 0.0014}
{"tid": 11096169, "date": 1626431224, "type": "sell", "price": 162128, "amount": 0.00600321}
{"tid": 11096170, "date": 1626431224, "type": "sell", "price": 162100.01, "amount": 0.01967896}
{"tid": 11096171, "date": 1626431259, "type": "sell", "price": 162100.01, "amount": 0.01722938}
{"tid": 11096172, "date": 1626431294, "type": "sell", "price": 162100.01, "amount": 0.02478197}
{"tid": 11096173, "date": 1626431294, "type": "sell", "price": 162100.01, "amount": 4.811e-05}
{"tid": 11096174, "date": 1626431310, "type": "buy", "price": 162100.01342, "amount": 0.00650215}
{"tid": 11096175, "date": 1626431313, "type": "buy", "price": 162100.01324, "amount": 0.00110024}
{"tid": 11096176, "date": 1626431331, "type": "buy", "price": 162100.01296, "amount": 0.00154225}
{"tid": 11096177, "date": 1626431344, "type": "sell", "price": 162100.01, "amount": 0.00778888}
{"tid": 11096178, "date": 1626431355, "type": "sell", "price": 162100.01, "amount": 0.00194304}
{"tid": 11096179, "date": 1626431365, "type": "buy", "price": 162192.48984, "amount": 0.00138724}
{"tid": 11096180, "date": 1626431459, "type": "buy", "price": 162332.60798, "amount": 0.00184805}
{"tid": 11096181, "date": 1626431475, "type": "buy", "price": 162332.60748, "amount": 0.0002632}
{"tid": 11096182, "date": 1626431525, "type": "buy", "price": 162332.60614, "amount": 0.0001848}
{"tid": 11096183, "date": 1626431536, "type": "sell", "price": 162192.48, "amount": 0.00024353}
{"tid": 11096184, "date": 1626431536, "type": "sell", "price": 162100.01003, "amount": 0.00138733}
{"tid": 11096185, "date": 1626431536, "type": "sell", "price": 162100.01, "amount": 0.01842863}
{"tid": 11096186, "date": 1626431556, "type": "buy", "price": 162332.60525, "amount": 8e-05}
{"tid": 11096187, "date": 1626431564, "type": "buy", "price": 162332.60508, "amount": 0.0001232}
{"tid": 11096188, "date": 1626431568, "type": "buy", "price": 162332.60497, "amount": 0.00620331}
{"tid": 11096189, "date": 1626431569, "type": "sell", "price": 162332.6, "amount": 8.451e-05}
{"tid": 11096190, "date": 1626431569, "type": "sell", "price": 162100.01, "amount": 0.0026846}
{"tid": 11096191, "date": 1626431569, "type": "sell", "price": 162100, "amount": 0.00030845}
{"tid": 11096192, "date": 1626431569, "type": "sell", "price": 162030.7074, "amount": 0.00123427}
{"tid": 11096193, "date": 1626431569, "type": "sell", "price": 162000.1, "amount": 0.00383219}
{"tid": 11096194, "date": 1626431601, "type": "buy", "price": 162000.34764, "amount": 0.00064901}
{"tid": 11096195, "date": 1626431662, "type": "buy", "price": 162247.73828, "amount": 0.00359715}
{"tid": 11096196, "date": 1626431676, "type": "buy", "price": 162247.73787, "amount": 0.00171198}
{"tid": 11096197, "date": 1626431700, "type": "buy", "price": 162010.09779, "amount": 0.00055}
{"tid": 11096198, "date": 1626431716, "type": "sell", "price": 162009.86, "amount": 0.00617246}
{"tid": 11096199, "date": 1626431729, "type": "buy", "price": 162000.10966, "amount": 0.00061728}
{"tid": 11096200, "date": 1626431747, "type": "sell", "price": 162000.1, "amount": 0.00172336}
{"tid": 11096201, "date": 1626431752, "type": "sell", "price": 162000.01, "amount": 0.00755331}
{"tid": 11096202, "date": 1626431752, "type": "sell", "price": 162000.01, "amount": 0.0001}
{"tid": 11096203, "date": 1626431752, "type": "sell", "price": 162000, "amount": 0.02938271}
{"tid": 11096204, "date": 1626431752, "type": "sell", "price": 162000, "amount": 0.001}
{"tid": 11096205, "date": 1626431752, "type": "sell", "price": 162000, "amount": 0.00031}
{"tid": 11096206, "date": 1626431752, "type": "sell", "price": 162000, "amount": 0.00308641}
{"tid": 11096207, "date": 1626431752, "type": "sell", "price": 162000, "amount": 6.18e-05}
{"tid": 11096208, "date": 1626431752, "type": "sell", "price": 162000, "amount": 0.00287749}
{"tid": 11096209, "date": 1626431759, "type": "sell", "price": 162000, "amount": 0.0043996}
{"tid": 11096210, "date": 1626431770, "type": "sell", "price": 162000, "amount": 0.01335277}
{"tid": 11096211, "date": 1626431776, "type": "buy", "price": 162000.00002, "amount": 7.716e-05}
{"tid": 11096212, "date": 1626431787, "type": "sell", "price": 162000, "amount": 0.01023433}
{"tid": 11096213, "date": 1626431787, "type": "sell", "price": 162000, "amount": 0.00238814}
{"tid": 11096214, "date": 1626431787, "type": "sell", "price": 162000, "amount": 0.0001}
{"tid": 11096215, "date": 1626431787, "type": "sell", "price": 162000, "amount": 0.00062716}
{"tid": 11096216, "date": 1626431797, "type": "sell", "price": 162000, "amount": 0.00012234}
{"tid": 11096217, "date": 1626431804, "type": "sell", "price": 162000, "amount": 0.000859}
{"tid": 11096218, "date": 1626431808, "type": "buy", "price": 162000.00001, "amount": 0.00018518}
{"tid": 11096219, "date": 1626431822, "type": "sell", "price": 162000, "amount": 0.00020342}
{"tid": 11096220, "date": 1626431824, "type": "buy", "price": 162000.00001, "amount": 0.0003332}
{"tid": 11096221, "date": 1626431832, "type": "buy", "price": 162000.00001, "amount": 0.0001007}
{"tid": 11096222, "date": 1626431863, "type": "buy", "price": 162000.00001, "amount": 0.00061728}
{"tid": 11096223, "date": 1626431881, "type": "sell", "price": 162000, "amount": 0.00408456}
{"tid": 11096224, "date": 1626431881, "type": "sell", "price": 162000, "amount": 0.00527941}
{"tid": 11096225, "date": 1626431932, "type": "buy", "price": 162000.00001, "amount": 0.00061728}
{"tid": 11096226, "date": 1626431953, "type": "buy", "price": 162000.00001, "amount": 0.00085296}
{"tid": 11096227, "date": 1626431956, "type": "sell", "price": 162000, "amount": 5.464e-05}
{"tid": 11096228, "date": 1626431956, "type": "sell", "price": 162000, "amount": 0.0009647}
{"tid": 11096229, "date": 1626431964, "type": "buy", "price": 162000.00001, "amount": 0.00617283}
{"tid": 11096230, "date": 1626431987, "type": "sell", "price": 162000, "amount": 0.00894425}
{"tid": 11096231, "date": 1626431999, "type": "sell", "price": 162000, "amount": 0.00352243}
{"tid": 11096232, "date": 1626431999, "type": "sell", "price": 162000, "amount": 0.03086}
{"tid": 11096233, "date": 1626431999, "type": "sell", "price": 162000, "amount": 0.000618}
{"tid": 11096234, "date": 1626431999, "type": "sell", "price": 162000, "amount": 0.01243957}
{"tid": 11096235, "date": 1626432001, "type": "sell", "price": 162000, "amount": 0.03694314}
{"tid": 11096236, "date": 1626432001, "type": "sell", "price": 162000, "amount": 0.0005}
{"tid": 11096237, "date": 1626432001, "type": "sell", "price": 162000, "amount": 0.00336327}
{"tid": 11096238, "date": 1626432001, "type": "sell", "price": 162000, "amount": 0.03703709}
{"tid": 11096239, "date": 1626432001, "type": "sell", "price": 162000, "amount": 0.0008}
{"tid": 11096240, "date": 1626432001, "type": "sell", "price": 162000, "amount": 0.0027491}
{"tid": 11096241, "date": 1626432001, "type": "sell", "price": 162000, "amount": 0.00204685}
{"tid": 11096242, "date": 1626432001, "type": "sell", "price": 162000, "amount": 0.00031172}
{"tid": 11096243, "date": 1626432001, "type": "sell", "price": 162000, "amount": 0.000315}
{"tid": 11096244, "date": 1626432001, "type": "sell", "price": 162000, "amount": 0.008}
{"tid": 11096245, "date": 1626432001, "type": "sell", "price": 162000, "amount": 0.001}
{"tid": 11096246, "date": 1626432001, "type": "sell", "price": 162000, "amount": 0.00104271}
{"tid": 11096247, "date": 1626432001, "type": "sell", "price": 162000, "amount": 0.01}
{"tid": 11096248, "date": 1626432029, "type": "buy", "price": 161951.8239, "amount": 0.04701}
{"tid": 11096249, "date": 1626432037, "type": "buy", "price": 161951.82382, "amount": 0.00030873}
{"tid": 11096250, "date": 1626432038, "type": "sell", "price": 161951.77569, "amount": 0.00027786}
{"tid": 11096251, "date": 1626432038, "type": "sell", "price": 161951, "amount": 0.01234953}
{"tid": 11096252, "date": 1626432038, "type": "sell", "price": 161900, "amount": 0.006169}
{"tid": 11096253, "date": 1626432038, "type": "sell", "price": 161900, "amount": 0.001}
{"tid": 11096254, "date": 1626432038, "type": "sell", "price": 161855.55, "amount": 0.003}
{"tid": 11096255, "date": 1626432038, "type": "sell", "price": 161800, "amount": 0.008}
{"tid": 11096256, "date": 1626432038, "type": "sell", "price": 161800, "amount": 0.00025}
{"tid": 11096257, "date": 1626432038, "type": "sell", "price": 161800, "amount": 0.0018788}
{"tid": 11096258, "date": 1626432038, "type": "sell", "price": 161790, "amount": 9.462e-05}
{"tid": 11096259, "date": 1626432038, "type": "sell", "price": 161750, "amount": 0.00016476}
{"tid": 11096260, "date": 1626432038, "type": "sell", "price": 161741.32577, "amount": 0.00018492}
{"tid": 11096261, "date": 1626432038, "type": "sell", "price": 161700, "amount": 0.003}
{"tid": 11096262, "date": 1626432038, "type": "sell", "price": 161700, "amount": 4.576e-05}
{"tid": 11096263, "date": 1626432038, "type": "sell", "price": 161666, "amount": 0.015}
{"tid": 11096264, "date": 1626432038, "type": "sell", "price": 161666, "amount": 0.00010081}
{"tid": 11096265, "date": 1626432038, "type": "sell", "price": 161601.01, "amount": 0.00125}
{"tid": 11096266, "date": 1626432038, "type": "sell", "price": 161600, "amount": 0.0015}
{"tid": 11096267, "date": 1626432038, "type": "sell", "price": 161600, "amount": 0.0083}
{"tid": 11096268, "date": 1626432038, "type": "sell", "price": 161600, "amount": 0.00485191}
{"tid": 11096269, "date": 1626432038, "type": "sell", "price": 161600, "amount": 0.00076441}
{"tid": 11096270, "date": 1626432038, "type": "sell", "price": 161600, "amount": 0.03852399}
{"tid": 11096271, "date": 1626432038, "type": "sell", "price": 161600, "amount": 0.00061881}
{"tid": 11096272, "date": 1626432038, "type": "sell", "price": 161600, "amount": 0.00432258}
{"tid": 11096273, "date": 1626432038, "type": "sell", "price": 161600, "amount": 6.188e-05}
{"tid": 11096274, "date": 1626432038, "type": "sell", "price": 161599, "amount": 0.0014}
{"tid": 11096275, "date": 1626432038, "type": "sell", "price": 161599, "amount": 0.0014}
{"tid": 11096276, "date": 1626432038, "type": "sell", "price": 161590, "amount": 0.00569999}
{"tid": 11096277, "date": 1626432038, "type": "sell", "price": 161526.58, "amount": 0.00088666}
{"tid": 11096278, "date": 1626432038, "type": "sell", "price": 161500, "amount": 0.003}
{"tid": 11096279, "date": 1626432038, "type": "sell", "price": 161500, "amount": 0.00039739}
{"tid": 11096280, "date": 1626432038, "type": "sell", "price": 161500, "amount": 0.0083}
{"tid": 11096281, "date": 1626432038, "type": "sell", "price": 161500, "amount": 0.0006}
{"tid": 11096282, "date": 1626432038, "type": "sell", "price": 161500, "amount": 0.0001548}
{"tid": 11096283, "date": 1626432038, "type": "sell", "price": 161500, "amount": 0.01857585}
{"tid": 11096284, "date": 1626432038, "type": "sell", "price": 161500, "amount": 0.00061919}
{"tid": 11096285, "date": 1626432038, "type": "sell", "price": 161500, "amount": 0.00062}
{"tid": 11096286, "date": 1626432038, "type": "sell", "price": 161500, "amount": 0.00081876}
{"tid": 11096287, "date": 1626432038, "type": "sell", "price": 161500, "amount": 0.02054229}
{"tid": 11096288, "date": 1626432038, "type": "sell", "price": 161500, "amount": 0.0013}
{"tid": 11096289, "date": 1626432038, "type": "sell", "price": 161500, "amount": 0.00030978}
{"tid": 11096290, "date": 1626432038, "type": "sell", "price": 161499, "amount": 6.198e-05}
{"tid": 11096291, "date": 1626432038, "type": "sell", "price": 161451.80001, "amount": 0.02135319}
{"tid": 11096292, "date": 1626432050, "type": "sell", "price": 161500.00025, "amount": 0.02051968}
{"tid": 11096293, "date": 1626432065, "type": "sell", "price": 161500.00051, "amount": 0.17552889}
{"tid": 11096294, "date": 1626432065, "type": "sell", "price": 161500.00042, "amount": 0.06446065}
{"tid": 11096295, "date": 1626432133, "type": "buy", "price": 161951.82189, "amount": 0.00154366}
{"tid": 11096296, "date": 1626432133, "type": "sell", "price": 161500.00137, "amount": 0.00019298}
{"tid": 11096297, "date": 1626432162, "type": "buy", "price": 161951.82158, "amount": 0.02407821}
{"tid": 11096298, "date": 1626432163, "type": "buy", "price": 161951.82158, "amount": 0.00555727}
{"tid": 11096299, "date": 1626432206, "type": "buy", "price": 161951.82074, "amount": 0.00077776}
{"tid": 11096300, "date": 1626432228, "type": "buy", "price": 161999.99999, "amount": 0.00123456}
{"tid": 11096301, "date": 1626432235, "type": "sell", "price": 161952, "amount": 0.0003607}
{"tid": 11096302, "date": 1626432242, "type": "sell", "price": 161952.00001, "amount": 0.00171676}
{"tid": 11096303, "date": 1626432255, "type": "sell", "price": 161952.0002, "amount": 0.00043231}
{"tid": 11096304, "date": 1626432266, "type": "buy", "price": 162000, "amount": 0.03}
{"tid": 11096305, "date": 1626432271, "type": "buy", "price": 162000, "amount": 0.00018}
{"tid": 11096306, "date": 1626432298, "type": "sell", "price": 161952.00096, "amount": 0.00658021}
{"tid": 11096307, "date": 1626432314, "type": "sell", "price": 161952.00138, "amount": 0.00087839}
{"tid": 11096308, "date": 1626432316, "type": "buy", "price": 162000, "amount": 0.00042919}
{"tid": 11096309, "date": 1626432325, "type": "buy", "price": 162000, "amount": 0.0007379}
{"tid": 11096310, "date": 1626432326, "type": "sell", "price": 161959.00166, "amount": 0.00038007}
{"tid": 11096311, "date": 1626432330, "type": "buy", "price": 162000, "amount": 0.00187938}
{"tid": 11096312, "date": 1626432332, "type": "sell", "price": 161963.00169, "amount": 0.0176868}
{"tid": 11096313, "date": 1626432333, "type": "sell", "price": 161963.00172, "amount": 0.00017322}
{"tid": 11096314, "date": 1626432341, "type": "buy", "price": 162000, "amount": 0.15990379}
{"tid": 11096315, "date": 1626432341, "type": "buy", "price": 162000, "amount": 0.00027363}
{"tid": 11096316, "date": 1626432341, "type": "buy", "price": 162009.85, "amount": 0.04432258}
{"tid": 11096317, "date": 1626432369, "type": "buy", "price": 162009.85, "amount": 0.0001012}
{"tid": 11096318, "date": 1626432369, "type": "buy", "price": 162398.9898, "amount": 0.00039054}
{"tid": 11096319, "date": 1626432374, "type": "buy", "price": 162398.98972, "amount": 0.00030788}
{"tid": 11096320, "date": 1626432392, "type": "buy", "price": 162398.98972, "amount": 0.01847}
{"tid": 11096321, "date": 1626432411, "type": "buy", "price": 162396.98955, "amount": 0.00015394}
{"tid": 11096322, "date": 1626432429, "type": "buy", "price": 162394.98928, "amount": 6.157e-05}
{"tid": 11096323, "date": 1626432435, "type": "buy", "price": 162394.98924, "amount": 0.00307883}
{"tid": 11096324, "date": 1626432456, "type": "sell", "price": 162013.00128, "amount": 0.01505313}
{"tid": 11096325, "date": 1626432490, "type": "buy", "price": 162388.98863, "amount": 0.00033124}
{"tid": 11096326, "date": 1626432502, "type": "buy", "price": 162388.98839, "amount": 0.01369181}
{"tid": 11096327, "date": 1626432523, "type": "buy", "price": 162384.98815, "amount": 0.0061582}
{"tid": 11096328, "date": 1626432528, "type": "buy", "price": 162382.98807, "amount": 0.00587024}
{"tid": 11096329, "date": 1626432528, "type": "buy", "price": 162382.98808, "amount": 0.01214051}
{"tid": 11096330, "date": 1626432570, "type": "buy", "price": 162371.98641, "amount": 0.00014318}
{"tid": 11096331, "date": 1626432592, "type": "buy", "price": 162365.98559, "amount": 0.00061589}
{"tid": 11096332, "date": 1626432598, "type": "buy", "price": 162363.98531, "amount": 0.00092386}
{"tid": 11096333, "date": 1626432605, "type": "buy", "price": 162362.98495, "amount": 0.00246361}
{"tid": 11096334, "date": 1626432658, "type": "buy", "price": 162354.98102, "amount": 0.00030795}
{"tid": 11096335, "date": 1626432662, "type": "buy", "price": 162354.98074, "amount": 0.00024834}
{"tid": 11096336, "date": 1626432668, "type": "sell", "price": 162013.00305, "amount": 0.00187298}
{"tid": 11096337, "date": 1626432674, "type": "buy", "price": 162350.98001, "amount": 0.0005188}
{"tid": 11096338, "date": 1626432677, "type": "buy", "price": 162349.97993, "amount": 0.00030797}
{"tid": 11096339, "date": 1626432687, "type": "buy", "price": 162345.97951, "amount": 0.00061596}
{"tid": 11096340, "date": 1626432694, "type": "buy", "price": 162013.33603, "amount": 0.00021251}
{"tid": 11096341, "date": 1626432715, "type": "buy", "price": 162342.9791, "amount": 0.00551638}
{"tid": 11096342, "date": 1626432731, "type": "sell", "price": 162013.00323, "amount": 0.00014354}
{"tid": 11096343, "date": 1626432753, "type": "sell", "price": 162342.97, "amount": 0.00119715}
{"tid": 11096344, "date": 1626432807, "type": "buy", "price": 162324.96811, "amount": 0.0011119}
{"tid": 11096345, "date": 1626432861, "type": "buy", "price": 162316.9656, "amount": 0.00369647}
{"tid": 11096346, "date": 1626432865, "type": "buy", "price": 162316.96539, "amount": 0.00030803}
{"tid": 11096347, "date": 1626432877, "type": "buy", "price": 162310.96502, "amount": 0.00287836}
{"tid": 11096348, "date": 1626432906, "type": "buy", "price": 162298.96398, "amount": 0.00092816}
{"tid": 11096349, "date": 1626432911, "type": "buy", "price": 162296.96379, "amount": 0.00030807}
{"tid": 11096350, "date": 1626432915, "type": "buy", "price": 162294.96349, "amount": 0.0002}
{"tid": 11096351, "date": 1626432920, "type": "buy", "price": 162293.96323, "amount": 0.00030808}
{"tid": 11096352, "date": 1626432932, "type": "buy", "price": 162287.96272, "amount": 0.00029737}
{"tid": 11096353, "date": 1626432965, "type": "buy", "price": 162276.96095, "amount": 0.00030811}
{"tid": 11096354, "date": 1626432968, "type": "sell", "price": 162013.0044, "amount": 0.00029553}
{"tid": 11096355, "date": 1626432974, "type": "buy", "price": 162273.96081, "amount": 0.00184921}
{"tid": 11096356, "date": 1626432975, "type": "buy", "price": 162273.96081, "amount": 0.00616241}
{"tid": 11096357, "date": 1626433005, "type": "sell", "price": 162013.00471, "amount": 0.00053231}
{"tid": 11096358, "date": 1626433020, "type": "sell", "price": 162013.00483, "amount": 0.00340099}
{"tid": 11096359, "date": 1626433024, "type": "sell", "price": 162013.00487, "amount": 0.00995}
{"tid": 11096360, "date": 1626433026, "type": "sell", "price": 162013.00484, "amount": 0.0054694}
{"tid": 11096361, "date": 1626433046, "type": "buy", "price": 162266.95816, "amount": 0.00032113}
{"tid": 11096362, "date": 1626433061, "type": "buy", "price": 162264.9579, "amount": 0.04766386}
{"tid": 11096363, "date": 1626433061, "type": "buy", "price": 162264.95791, "amount": 0.00626029}
{"tid": 11096364, "date": 1626433064, "type": "sell", "price": 162013.00511, "amount": 0.00028437}
{"tid": 11096365, "date": 1626433071, "type": "buy", "price": 162269.95876, "amount": 0.00061625}
{"tid": 11096366, "date": 1626433099, "type": "buy", "price": 162267.95792, "amount": 0.00030813}
{"tid": 11096367, "date": 1626433103, "type": "sell", "price": 162013.00568, "amount": 0.000111}
{"tid": 11096368, "date": 1626433146, "type": "buy", "price": 162260.95662, "amount": 0.00030752}
{"tid": 11096369, "date": 1626433147, "type": "buy", "price": 162260.95655, "amount": 0.00585476}
{"tid": 11096370, "date": 1626433203, "type": "buy", "price": 162309.95962, "amount": 0.00030805}
{"tid": 11096371, "date": 1626433213, "type": "buy", "price": 162309.95909, "amount": 0.00046207}
{"tid": 11096372, "date": 1626433216, "type": "buy", "price": 162309.95888, "amount": 0.00010442}
{"tid": 11096373, "date": 1626433246, "type": "buy", "price": 162301.9576, "amount": 0.0003629}
{"tid": 11096374, "date": 1626433247, "type": "buy", "price": 162300.95755, "amount": 0.01505277}
{"tid": 11096375, "date": 1626433265, "type": "buy", "price": 162299.95691, "amount": 0.00080098}
{"tid": 11096376, "date": 1626433274, "type": "buy", "price": 162299.95671, "amount": 0.00308071}
{"tid": 11096377, "date": 1626433284, "type": "buy", "price": 162298.95654, "amount": 0.00030807}
{"tid": 11096378, "date": 1626433300, "type": "buy", "price": 162293.9559, "amount": 0.00015669}
{"tid": 11095393, "date": 1626401482, "type": "buy", "price": 164721.01, "amount": 0.0363}
{"tid": 11095394, "date": 1626401485, "type": "sell", "price": 164562.7981, "amount": 0.00276887}
{"tid": 11095395, "date": 1626401495, "type": "buy", "price": 164721.01, "amount": 1.366e-05}
{"tid": 11095396, "date": 1626401495, "type": "buy", "price": 164999.98986, "amount": 0.00119848}
{"tid": 11095397, "date": 1626401501, "type": "sell", "price": 164568.80392, "amount": 3.524e-05}
{"tid": 11095398, "date": 1626401504, "type": "buy", "price": 164999.98985, "amount": 0.00864539}
{"tid": 11095399, "date": 1626401514, "type": "buy", "price": 164999.98977, "amount": 0.00027989}
{"tid": 11095400, "date": 1626401514, "type": "buy", "price": 164999.98978, "amount": 5.95e-05}
{"tid": 11095401, "date": 1626401531, "type": "buy", "price": 164721.01, "amount": 0.00013987}
{"tid": 11095402, "date": 1626401547, "type": "buy", "price": 164721.01, "amount": 0.00086013}
{"tid": 11095403, "date": 1626401547, "type": "buy", "price": 164999.97997, "amount": 0.00334593}
{"tid": 11095404, "date": 1626401549, "type": "buy", "price": 164999.97997, "amount": 0.00506709}
{"tid": 11095405, "date": 1626401549, "type": "buy", "price": 164999.98, "amount": 0.00038745}
{"tid": 11095406, "date": 1626401550, "type": "sell", "price": 164589.81974, "amount": 0.02174382}
{"tid": 11095407, "date": 1626401552, "type": "buy", "price": 164999.97997, "amount": 0.00124197}
{"tid": 11095408, "date": 1626401576, "type": "buy", "price": 164999.98, "amount": 0.00151515}
{"tid": 11095409, "date": 1626401589, "type": "buy", "price": 164999.98, "amount": 0.0013306}
{"tid": 11095410, "date": 1626401596, "type": "sell", "price": 164621.00925, "amount": 6.945e-05}
{"tid": 11095411, "date": 1626401608, "type": "sell", "price": 164627.01161, "amount": 7.824e-05}
{"tid": 11095412, "date": 1626401612, "type": "buy", "price": 164999.98, "amount": 0.00036533}
{"tid": 11095413, "date": 1626401631, "type": "sell", "price": 164637.01811, "amount": 6.945e-05}
{"tid": 11095414, "date": 1626401654, "type": "sell", "price": 164649.02516, "amount": 0.00028359}
{"tid": 11095415, "date": 1626401659, "type": "sell", "price": 164651.02755, "amount": 0.00123844}
{"tid": 11095416, "date": 1626401676, "type": "buy", "price": 164999.97997, "amount": 6.878e-05}
{"tid": 11095417, "date": 1626401698, "type": "buy", "price": 164999.97997, "amount": 0.00021472}
{"tid": 11095418, "date": 1626401698, "type": "buy", "price": 164999.98, "amount": 0.00106406}
{"tid": 11095419, "date": 1626401720, "type": "sell", "price": 164678.04805, "amount": 6.83e-05}
{"tid": 11095420, "date": 1626401721, "type": "sell", "price": 164679.04805, "amount": 0.00011091}
{"tid": 11095421, "date": 1626401729, "type": "sell", "price": 164680.05241, "amount": 0.00099943}
{"tid": 11095422, "date": 1626401759, "type": "buy", "price": 164999.99, "amount": 0.00013654}
{"tid": 11095423, "date": 1626401780, "type": "sell", "price": 164680.08584, "amount": 0.00013559}
{"tid": 11095424, "date": 1626401782, "type": "sell", "price": 164680.08585, "amount": 0.00058098}
{"tid": 11095425, "date": 1626401785, "type": "sell", "price": 164680.08585, "amount": 6.237e-05}
{"tid": 11095426, "date": 1626401822, "type": "buy", "price": 164992.98971, "amount": 0.00013554}
{"tid": 11095427, "date": 1626401822, "type": "buy", "price": 164992.98974, "amount": 0.00188086}
{"tid": 11095428, "date": 1626401822, "type": "buy", "price": 164992.98975, "amount": 0.00847453}
{"tid": 11095429, "date": 1626401835, "type": "buy", "price": 164999.98997, "amount": 0.00303084}
{"tid": 11095430, "date": 1626401877, "type": "buy", "price": 164996.98993, "amount": 0.0003394}
{"tid": 11095431, "date": 1626401880, "type": "sell", "price": 164680.08666, "amount": 0.00011093}
{"tid": 11095432, "date": 1626401922, "type": "sell", "price": 164680.08881, "amount": 0.00548718}
{"tid": 11095433, "date": 1626401965, "type": "buy", "price": 164981.98955, "amount": 0.00543883}
{"tid": 11095434, "date": 1626401969, "type": "buy", "price": 164980.98948, "amount": 0.00022578}
{"tid": 11095435, "date": 1626401980, "type": "buy", "price": 164978.98939, "amount": 0.0002199}
{"tid": 11095436, "date": 1626401980, "type": "sell", "price": 164680.09909, "amount": 0.0029}
{"tid": 11095437, "date": 1626402016, "type": "buy", "price": 164997.97996, "amount": 0.00231621}
{"tid": 11095438, "date": 1626402069, "type": "buy", "price": 164978.9794, "amount": 0.00030306}
